1764 3096
563 91 611 121 m
644 77 843 120 Gamzsm
872 77 1074 120 Humum
1104 77 1131 119 l.
1476 81 1559 124 119

138 193 255 248 aquis
283 192 493 248 producta
523 202 631 241 sunt,
665 190 845 232 diximus
886 190 1043 231 debere
1080 201 1223 230 motus
1264 199 1305 230 et
1335 188 1553 244 cogitatio-

136 288 209 312 nes
239 268 388 310 mcntis
417 280 597 317 nostrae,
628 267 700 323 qui
732 269 784 308 de
813 269 1036 322 profundo
1069 265 1209 307 cordis
1238 267 1554 322 producuntur,

136 345 322 396 intelligi.
397 345 522 385 Nunc
569 360 671 385 vero
724 344 830 392 hoc,
880 346 997 399 quod
1039 342 1212 384 dicitur:
1252 341 1489 398 „producat
1511 342 1552 394 ¹)

134 435 241 463 terra
274 420 455 462 animam
486 421 621 462 vivam
660 421 896 462 secundum
927 436 1080 473 genus,
1121 420 1474 477 quadrupedum,
1513 430 1553 459 et

133 499 392 555 repentium,
439 509 478 538 et
517 498 747 539 bestiarum
777 513 906 552 super
934 509 1091 539 terram
1122 499 1358 541 secundum
1398 509 1549 546 genus:

132 574 344 616 exterioris
377 573 560 616 hominis
589 575 738 624 nostri,
766 574 811 615 id
843 585 914 623 est,
945 575 1123 617 carnalis
1155 587 1194 617 et
1221 572 1379 616 terreni
1408 584 1550 613 motus

131 651 314 691 arbitror
341 651 536 692 indicari.
594 651 794 707 Denique
834 651 941 692 nihil
971 651 1142 694 volatile
1171 653 1213 693 in
1246 651 1321 700 his,
1353 665 1462 706 quae
1497 650 1549 690 de.

130 732 255 768 car'ne
284 728 486 782 loquitur,
512 727 725 778 indicavit,
754 729 827 771 sed
858 728 1161 787 tantummodo
1181 727 1475 784 quadrupedia
1509 738 1549 766 et

126 805 312 890 repeltia
344 815 384 845 et
412 806 563 847 bestias
591 816 740 848 terrae.
804 806 1054 847 Secundum
1087 804 1196 846 illud
1225 821 1394 860 nempe,
1426 805 1543 858 quod

126 882 284 923 dictum
318 894 376 923 est
407 883 459 922 ab
491 882 728 937 Apostolo‚
767 882 864 938 quia
909 899 1025 932 „non
1042 881 1088 937 ²)
1130 881 1294 934 habitat
1331 880 1375 922 in
1418 896 1546 921 carne

124 975 217 999 mea
260 960 465 1007 bonum,“
516 970 556 999 et
596 958 693 1014 quia
742 958 1032 1031 „sapigntia3)
1093 957 1230 1000 carnis
1266 957 1439 999 inimica
1487 968 1545 997 cst

123 1036 261 1085 Deo,“
290 1036 365 1077 ista
393 1035 595 1077 nimirum
631 1048 749 1085 sunt,
782 1053 891 1092 quae
918 1048 1051 1085 terra,
1080 1035 1123 1077 id
1156 1047 1237 1086 est,
1268 1051 1368 1075 caro
1399 1045 1544 1074 nostra

65 1148 77 1152 s
121 1112 347 1168 producit,
389 1114 443 1154 de
473 1113 626 1169 quibus
657 1130 825 1155 rursum
859 1113 1091 1169 Apostolus
1119 1111 1342 1168 praecipit,
1373 1109 1541 1151 dicens:

121 1190 399 1239 „mortificate
415 1189 461 1244 ⁴)
500 1191 694 1231 membra
735 1201 890 1240 vestra,
934 1205 1042 1245 quae
1081 1201 1180 1231 sunt
1217 1204 1346 1244 super
1371 1198 1541 1234 terram,

120 1266 463 1316 fornicationem,
490 1265 822 1316 immunditiam,
849 1266 1174 1322 impudicitiam,
1194 1263 1423 1313 avaritiam,
1444 1264 1539 1305 ido-

121 1342 326 1392 latriam,“
357 1354 398 1383 et
429 1354 574 1385 cetera.
644 1342 754 1383 Cum
787 1358 885 1394 ergo
917 1343 1022 1384 haec
1054 1341 1197 1383 omnia
1228 1341 1398 1391 fierent,
1434 1356 1542 1396 quae

119 1419 314 1460 videntur
342 1417 455 1474 jussu
485 1420 569 1461 Dei
597 1419 691 1460 fieri
709 1419 753 1474 ⁵)
784 1436 861 1474 per
887 1420 1083 1461 Verbum
1114 1417 1216 1476 ejus,
1245 1430 1285 1459 et
1314 1433 1542 1473 praepara-

118 1507 234 1536 retur
261 1495 490 1537 immensus
521 1495 597 1536 iste
627 1495 724 1548 εἴθ)
756 1495 928 1538 visibilis
956 1498 1156 1551 mundus,
1185 1494 1311 1537 simul
1329 1505 1471 1534 autem
1502 1504 1542 1533 et

116 1588 196 1627 per
230 1571 462 1623 ‘allegoriae
503 1573 681 1624 figuram
720 1574 1034 1622 ostenderetur,
1084 1587 1195 1627 quae
1236 1582 1392 1620 essent,
1430 1586 1540 1625 quae

118 1663 324 1689 exornare
362 1659 536 1709 possent
572 1648 786 1689 minorem
827 1650 1060 1698 mundum,
1098 1649 1145 1691 id
1185 1659 1264 1698 est,
1303 1647 1539 1696 hominem,

115 1736 216 1766 tunc
245 1724 332 1782 jam
361 1725 452 1780 ipse
481 1724 616 1766 homo
651 1736 816 1767 creatur
844 1726 1081 1767 secundum
1113 1741 1184 1776 ea,
1215 1741 1324 1781 quae
1354 1724 1398 1766 in
1429 1741 1535 1765 con-

115 1802 386 1858 sequentibus
420 1803 701 1844 declarantur.

230 1879 295 1921 12.
328 1879 409 1929 „Et
425 1880 470 1935 ⁷)
511 1879 612 1921 dixit
640 1880 782 1921 Deus:
820 1880 1024 1923 faciamus
1053 1879 1273 1922 hominem
1307 1880 1360 1920 ad
1390 1876 1537 1928 imagi-

114 1970 216 1996 nem
248 1966 287 1995 et
312 1955 633 1997 similitudinem
673 1968 884 2006 nostram,
925 1968 964 1998 et
997 1957 1288 2014 principatum
1328 1966 1441 2007 gerat
1470 1953 1534 2009 pi-

117 2032 251 2073 scium
280 2032 408 2074 maris
440 2044 478 2074 et
505 2034 728 2074 volucrum
764 2031 896 2082 coeli,
945 2045 985 2074 et
1018 2033 1265 2075 animalium
1298 2043 1337 2072 et
1365 2031 1534 2072 univcr-

113 2126 183 2151 sae
212 2121 361 2157 terrae,
392 2121 431 2150 et
461 2111 670 2159 omnium,
699 2125 807 2165 quae
836 2122 992 2165 repunt
1019 2126 1148 2165 super
1175 2113 1372 2150 terram.“
1414 2107 1533 2148 Con-

113 2197 338 2242 sequenter
366 2188 601 2227 secundum
631 2202 691 2236 ea,
716 2202 824 2242 quae
852 2187 1044 2243 superius
1076 2187 1371 2243 exposuimus,
1400 2185 1528 2225 talem

114 2263 357 2313 hominem,
397 2265 566 2319 qualem
598 2262 914 2319 descripsimus,
958 2265 1047 2305 vult
1073 2264 1362 2320 principatum
1391 2275 1534 2313 gerere

112 2342 425 2396 praedictarum
456 2340 707 2390 bestiarum,
738 2351 776 2381 et
804 2342 1046 2392 volucrum,
1078 2353 1118 2382 et
1144 2340 1398 2396 repentium,
1428 2352 1530 2393 qua—

116 2417 430 2474 ‹lrupedum,8)
464 2428 504 2458 et
534 2418 725 2458 omnium
756 2417 1032 2473 reliquorum.
1102 2417 1225 2473 Quae
1257 2416 1437 2472 qualiter
1466 2414 1532 2455 in-

234 2540 278 2596 ¹)
311 2540 462 2583 Genes.
493 2542 524 2590 Ῐ,
552 2542 619 2586 24.
652 2523 748 2586 coil.
777 2558 871 2600 pag.
900 2542 995 2585 118.
1025 2542 1137 2585 notis
1166 2545 1204 2587 3.
1237 2555 1277 2584 ct
1305 2545 1344 2585 5.

231 2610 279 2665 ²)
310 2611 435 2653 Rom.
466 2613 560 2662 VII,
591 2614 657 2657 18.
775 2614 823 2668 ³)
854 2612 977 2653 Rom.
1009 2612 1123 2662 Vlll,
1155 2615 1193 2655 7.

235 2679 280 2735 ⁴)
316 2680 478 2724 Coloss.
508 2682 582 2734 III,
611 2685 650 2726 5.
771 2683 816 2740 ⁵)
847 2685 975 2725 Deest
1005 2683 1148 2733 ‚,fic1·i“
1176 2683 1219 2723 in
1251 2683 1346 2723 edd.
1376 2681 1436 2722 M.

235 2751 283 2805 ὅ)
314 2751 443 2793 Deest
472 2759 563 2800 „et“
593 2754 637 2795 in
669 2756 765 2796 edd.
796 2754 856 2794 M.
976 2752 1021 2808 ⁷)
1053 2752 1205 2796 Genes.
1235 2752 1268 2802 Ι,
1295 2753 1361 2795 26.

235 2819 282 2875 ¹³)
313 2819 423 2863 Edd.
453 2821 649 2867 'Merliniz
677 2836 718 2866 et
749 2824 1088 2880 quadrupedum.
