1764 3096
267 103 353 148 220
866 99 1086 144 Omessms

270 232 380 273 quae
411 215 491 270 agit
521 225 668 257 cuncta
699 213 921 270 patienter,
950 231 1057 270 quae
1087 225 1171 255 tam
1191 224 1361 268 promta
1394 225 1465 264 est,
1495 225 1535 255 et
1564 223 1676 258 tanta

269 293 506 336 eruditione
533 292 733 341 subnixa,
778 307 885 346 quae
925 292 977 332 de
1013 290 1241 347 profundis
1278 290 1448 332 haurire
1483 291 1680 333 scientiae

265 372 425 412 fluenta
477 368 713 418 consuevit,
754 368 843 424 ipsa
890 379 1028 423 potest
1074 367 1267 422 copulari
1311 366 1469 423 nuptiis
1515 367 1681 410 Christi.

264 447 354 488 Nisi
385 462 483 499 crgo
515 446 705 502 quotidie
733 445 872 486 venias
902 446 954 486 ad
985 456 1148 500 pute05,
1180 442 1258 484 nisi
1292 444 1484 498 quotidie
1514 445 1681 486 haurias

265 540 417 580 aquas,
452 541 541 565 non
578 523 717 565 solum
758 521 861 564 alios
899 533 1050 577 potare
1078 537 1166 562 non
1197 519 1379 575 poteris,
1420 521 1494 562 sed
1524 521 1682 577 etipse

267 616 441 656 quoque
468 598 578 641 sitim
607 598 725 640 verbi
756 598 838 639 Dei
877 597 1056 653 patieris.
1098 596 1230 644 ‚Audi
1270 608 1308 637 et
1337 596 1576 638 Dominum
1616 597 1679 639 di-

266 689 429 718 centem
460 676 504 717 in
533 676 788 726 Evangeliis:
819 675 975 731 ‚,qui¹)
1003 674 1100 724 sitit,
1130 674 1279 723 veniat,
1308 686 1348 715 et
1375 674 1534 716 bibat.“
1593 675 1679 716 Sed

265 763 325 801 tu,
356 764 401 793 ut
429 752 568 803 video,
597 769 673 793 nec
704 752 855 801 esuris,
894 769 972 793 nec
1013 751 1094 793 sitis
1125 749 1349 807 justitiam,
1386 763 1424 793 et
1456 751 1678 806 quomodo

263 830 424 885 poteris
456 829 616 871 dicere:
656 829 847 883 ‚,sicut²)
887 845 1029 870 cervus
1061 828 1269 869 desiderat
1299 829 1354 869 ad
1383 830 1520 869 sontes
1551 844 1677 884 aqua-

263 924 372 956 rum,
402 907 458 947 ita
488 907 693 949 desiderat
724 905 864 948 anima
894 922 986 947 mea
1019 908 1071 947 ad
1103 918 1142 945 te
1175 906 1304 947 Deus.
1375 905 1509 946 Sitivit
1539 905 1679 946 anima

262 1000 358 1025 mea
391 984 505 1039 ad3)
534 986 679 1026 Deum
710 983 870 1023 vivum:
903 984 1076 1038 quando
1108 982 1273 1023 veniam
1322 994 1361 1022 ct
1390 983 1551 1037 parebo
1584 993 1678 1022 ante

264 1071 539 1115 conspectum
587 1059 737 1115 ejus?“
816 1059 1007 1099 Obsecro
1047 1076 1142 1107 vos,
1195 1060 1267 1114 qui
1307 1059 1518 1100 auditorio
1562 1060 1679 1100 verbi

260 1152 429 1191 semper
458 1135 662 1184 adsistitis,
690 1135 898 1190 patIenter
929 1135 1125 1190 accipite,
1165 1137 1305 1177 donec
1342 1135 1561 1191 paululum
1603 1152 1675 1175 ne-

260 1215 458 1266 gligentes
489 1224 527 1254 et
558 1212 719 1254 desides
749 1228 1108 1252 commoneamus.
1178 1211 1390 1252 Habe-tote
1420 1211 1681 1266 patientiam,

261 1289 359 1345 quia
391 1291 444 1330 de
472 1290 665 1329 Rebecca
695 1289 838 1339 nobis,
876 1290 920 1329 id
961 1299 1037 1337 est,
1079 1289 1131 1328 de
1177 1287 1398 1343 patientia,
1437 1304 1575 1329 sermo
1609 1301 1676 1330 est⁴

259 1367 315 1406 Et
344 1383 510 1408 necesse
542 1378 600 1408 est
628 1383 707 1407 nos
737 1382 821 1416 eos,
852 1365 923 1422 qui
962 1366 1181 1406 collectam
1206 1364 1439 1416 negligunt,
1464 1377 1503 1406 et
1533 1365 1679 1406 audire

260 1445 476 1486 declinant
504 1445 678 1484 verbum
712 1443 809 1491 Dei,
838 1443 1059 1498 paululum
1089 1458 1168 1496 per
1188 1440 1433 1496 patientiam
1467 1442 1677 1493 castigare,

259 1521 332 1576 qni
373 1539 463 1562 non
503 1520 745 1562 desiderant
761 1519 806 1575 ⁴)
851 1535 1006 1576 panem
1048 1518 1177 1568 vitae,
1222 1536 1302 1559 nec
1339 1535 1490 1573 aquam
1532 1517 1679 1569 vivam,

263 1598 335 1653 qui
375 1614 463 1639 non
499 1610 649 1638 exeunt
679 1598 731 1637 de
764 1597 927 1645 castris,
977 1612 1055 1636 nec
1096 1596 1339 1652 procedunt
1386 1597 1438 1637 de
1478 1597 1677 1638 domibus

257 1675 393 1724 luteis,
424 1687 470 1715 ut
501 1675 699 1725 colligant
728 1673 807 1713 sibi
837 1689 1016 1722 manna,
1064 1673 1136 1728 qui
1175 1689 1262 1713 non
1305 1673 1477 1713 veniunt
1515 1675 1570 1714 ad
1601 1689 1675 1728 pe—

257 1764 380 1802 tram,
410 1763 456 1792 ut
483 1750 633 1792 bibant
663 1751 716 1791 de
744 1749 950 1805 spirituali
981 1761 1111 1804 petra.
1160 1749 1285 1789 Petra
1318 1750 1429 1791 enim
1462 1762 1520 1791 est
1550 1749 1675 1791 Chri—

256 1840 355 1877 stus,
381 1839 427 1867 ut
458 1827 687 1882 Apostolus
718 1826 846 1880 ait.⁵)
905 1824 1143 1875 Habetote‚
1179 1826 1376 1882 inquam,
1417 1843 1489 1867 vos
1520 1828 1673 1882 paulu-

255 1904 345 1943 lum
376 1902 635 1959 patientiam.
694 1903 845 1943 Sermo
876 1903 987 1943 enim
1018 1903 1144 1944 nobis
1175 1904 1295 1957 estfi)
1327 1905 1380 1944 ad
1410 1903 1675 1954 negligentes,

258 1993 297 2020 et
335 1996 428 2029 eos,
468 1979 540 2036 qui
579 1980 691 2021 male
721 1980 889 2020 habent.
959 1979 1154 2034 ,‚Sani⁷)
1197 1980 1309 2020 enirn
1349 1996 1438 2020 non
1485 1981 1676 2032 indigent

256 2058 436 2107 medico,
466 2059 538 2098 sed
568 2057 678 2098 male
708 2057 946 2098 habentes.“
1015 2056 1155 2097 Dicite
1195 2057 1300 2097 mihi
1340 2073 1440 2110 vos²
1478 2057 1550 2112 qui
1579 2069 1673 2098 tan—

256 2136 484 2175 tummodo
528 2133 641 2174 sestis
685 2134 834 2174 diebus
886 2135 938 2175 ad
979 2133 1195 2174 ecclesiam
1247 2135 1498 2183 convenitis,
1546 2135 1675 2178 ceteri

257 2212 345 2253 dies
373 2227 463 2251 non
491 2221 591 2252 sunt
618 2208 741 2250 sesti?
772 2226 860 2250 non
892 2221 989 2251 sunt
1023 2210 1109 2250 dies
1139 2208 1345 2252 Domini?
1404 2212 1670 2252 Judaeorum

257 2299 341 2338 est,
370 2287 459 2330 dies
485 2297 623 2328 certos
653 2296 694 2326 et
723 2302 841 2327 raros
869 2287 1092 2328 observare
1121 2286 1339 2329 solemnes.
1396 2286 1453 2327 Et
1481 2287 1581 2328 ideo
1617 2288 1672 2327 ad

376 2433 420 2489 ¹)
450 2432 532 2474 Ev.
556 2432 715 2474 Joann.
747 2432 839 2481 VH,
869 2433 935 2474 37.
1056 2431 1101 2486 ²)
1132 2431 1284 2473 Psalm.
1315 2432 1446 2483 XLII,
1478 2434 1514 2474 1.
1544 2434 1584 2475 2.

371 2505 419 2557 3)
447 2503 560 2543 Alias
596 2502 655 2557 (e.
687 2519 720 2542 c.
751 2502 794 2542 in
827 2503 921 2543 edd.
954 2501 1060 2556 Μ.>;
1100 2503 1180 2551 „ad
1219 2502 1363 2543 Deum
1403 2505 1566 2544 fontem
1608 2503 1667 2543 vi—

219 2603 222 2605 ,
256 2564 395 2601 vumf‘
452 2560 536 2600 Sed
568 2559 610 2599 in
642 2558 739 2599 Mss.
772 2561 885 2599 deest
916 2576 993 2600 vox
1026 2560 1254 2607 „sontem.“
1288 2558 1336 2598 R.

371 2629 417 2683 ⁴²)
446 2629 557 2670 Edd.
589 2628 784 2669 Merlini:
815 2627 1053 2670 desiderant
1082 2630 1258 2672 verbum
1278 2645 1433 2686 panem
1462 2630 1571 2674 vitae
1591 2640 1666 2672 etc.

372 2699 418 2753 ⁵)
447 2699 467 2739 I
500 2698 598 2739 Cor.
631 2699 686 2747 X,
715 2699 752 2739 4.

369 2767 416 2823 ⁶)
450 2768 728 2811 Desideratur
756 2774 868 2820 ‚,cst“
896 2768 939 2812 in
972 2770 1064 2812 cdd.
1097 2771 1157 2814 M.

371 2837 416 2892 ⁷)
446 2838 544 2879 Luc.
572 2838 623 2890 V,
652 2839 721 2883 31.
