<?xml version="1.0" encoding="UTF-8"?>
<!DOCTYPE html PUBLIC "-//W3C//DTD XHTML 1.0 Transitional//EN"
    "http://www.w3.org/TR/xhtml1/DTD/xhtml1-transitional.dtd">
<html xmlns="http://www.w3.org/1999/xhtml" xml:lang="en" lang="en">
 <head>
  <title>
</title>
<meta http-equiv="Content-Type" content="text/html;charset=utf-8" />
  <meta name='ocr-system' content='tesseract 3.04.00' />
  <meta name='ocr-capabilities' content='ocr_page ocr_carea ocr_par ocr_line ocrx_word'/>
</head>
<body>
  <div class='ocr_page' id='page_1' title='image "./operaomniaquaegr08orig_0190.png"; bbox 0 0 1764 3096; ppageno 0'>
   <div class='ocr_carea' id='block_1_1' title="bbox 244 125 1073 174">
    <p class='ocr_par' dir='ltr' id='par_1_1' title="bbox 244 125 1073 174">
     <span class='ocr_line' id='line_1_1' title="bbox 244 125 1073 174; baseline -0.008 0"><span class='ocrx_word' id='word_1_1' title='bbox 244 129 331 174; x_wconf 85' lang='lat'>178</span> <span class='ocrx_word' id='word_1_2' title='bbox 850 125 1073 168; x_wconf 70' lang='lat' dir='ltr'>Omessms</span> 
     </span>
    </p>
   </div>
   <div class='ocr_carea' id='block_1_2' title="bbox 237 236 1712 2302">
    <p class='ocr_par' dir='ltr' id='par_1_2' title="bbox 237 236 1712 2302">
     <span class='ocr_line' id='line_1_2' title="bbox 251 236 1680 301; baseline -0.001 -18"><span class='ocrx_word' id='word_1_3' title='bbox 251 257 330 293; x_wconf 83' lang='lat' dir='ltr'>cn,</span> <span class='ocrx_word' id='word_1_4' title='bbox 372 240 492 297; x_wconf 85' lang='lat' dir='ltr'>quod</span> <span class='ocrx_word' id='word_1_5' title='bbox 531 237 821 295; x_wconf 85' lang='lat' dir='ltr'>plurimorum</span> <span class='ocrx_word' id='word_1_6' title='bbox 861 237 906 279; x_wconf 86' lang='lat' dir='ltr'>in</span> <span class='ocrx_word' id='word_1_7' title='bbox 946 254 1083 280; x_wconf 88' lang='lat' dir='ltr'>unum</span> <span class='ocrx_word' id='word_1_8' title='bbox 1125 236 1356 278; x_wconf 83' lang='lat' dir='ltr'>constituat</span> <span class='ocrx_word' id='word_1_9' title='bbox 1394 247 1435 278; x_wconf 84' lang='lat' dir='ltr'>et</span> <span class='ocrx_word' id='word_1_10' title='bbox 1464 237 1680 301; x_wconf 77' lang='lat' dir='ltr'>contineat</span> 
     </span>
     <span class='ocr_line' id='line_1_3' title="bbox 249 315 1677 371; baseline -0.004 -10"><span class='ocrx_word' id='word_1_11' title='bbox 249 319 365 361; x_wconf 86' lang='lat' dir='ltr'>vitas.</span> <span class='ocrx_word' id='word_1_12' title='bbox 424 317 483 358; x_wconf 84' lang='lat' dir='ltr'>Hi</span> <span class='ocrx_word' id='word_1_13' title='bbox 515 332 639 369; x_wconf 88' lang='lat' dir='ltr'>crgo,</span> <span class='ocrx_word' id='word_1_14' title='bbox 679 316 751 371; x_wconf 88' lang='lat' dir='ltr'>qui</span> <span class='ocrx_word' id='word_1_15' title='bbox 792 317 837 357; x_wconf 86' lang='lat' dir='ltr'>in</span> <span class='ocrx_word' id='word_1_16' title='bbox 875 317 966 368; x_wconf 82' lang='lat' dir='ltr'>lege</span> <span class='ocrx_word' id='word_1_17' title='bbox 996 326 1320 365; x_wconf 85' lang='lat' dir='ltr'>conversantur,</span> <span class='ocrx_word' id='word_1_18' title='bbox 1359 315 1558 371; x_wconf 78' lang='lat' dir='ltr'>pusillam</span> <span class='ocrx_word' id='word_1_19' title='bbox 1603 316 1677 357; x_wconf 85' lang='lat' dir='ltr'>ha-</span> 
     </span>
     <span class='ocr_line' id='line_1_4' title="bbox 249 391 1677 453; baseline -0.004 -15"><span class='ocrx_word' id='word_1_20' title='bbox 249 397 353 438; x_wconf 86' lang='lat' dir='ltr'>bent</span> <span class='ocrx_word' id='word_1_21' title='bbox 382 407 421 438; x_wconf 89' lang='lat' dir='ltr'>et</span> <span class='ocrx_word' id='word_1_22' title='bbox 450 411 625 451; x_wconf 85' lang='lat' dir='ltr'>parvam</span> <span class='ocrx_word' id='word_1_23' title='bbox 660 392 1051 453; x_wconf 76' lang='lat' dir='ltr'>conversationem,</span> <span class='ocrx_word' id='word_1_24' title='bbox 1080 392 1286 449; x_wconf 82' lang='lat' dir='ltr'>quamdiu</span> <span class='ocrx_word' id='word_1_25' title='bbox 1318 393 1555 434; x_wconf 86' lang='lat' dir='ltr'>secundum</span> <span class='ocrx_word' id='word_1_26' title='bbox 1585 391 1677 432; x_wconf 74' lang='lat' dir='ltr'>lite-</span> 
     </span>
     <span class='ocr_line' id='line_1_5' title="bbox 250 463 1679 524; baseline -0.005 -8"><span class='ocrx_word' id='word_1_27' title='bbox 250 491 343 516; x_wconf 80' lang='lat' dir='ltr'>ram</span> <span class='ocrx_word' id='word_1_28' title='bbox 373 474 613 524; x_wconf 82' lang='lat' dir='ltr'>intelligunt</span> <span class='ocrx_word' id='word_1_29' title='bbox 641 472 788 523; x_wconf 75' lang='lat' dir='ltr'>legem.</span> <span class='ocrx_word' id='word_1_30' title='bbox 853 470 970 511; x_wconf 78' lang='lat' dir='ltr'>Nihil</span> <span class='ocrx_word' id='word_1_31' title='bbox 1010 471 1123 512; x_wconf 84' lang='lat' dir='ltr'>enim</span> <span class='ocrx_word' id='word_1_32' title='bbox 1164 463 1444 523; x_wconf 55' lang='lat' dir='ltr'>grande‘est,</span> <span class='ocrx_word' id='word_1_33' title='bbox 1487 470 1679 519; x_wconf 86' lang='lat' dir='ltr'>sabbata,</span> 
     </span>
     <span class='ocr_line' id='line_1_6' title="bbox 251 546 1678 598; baseline -0.004 -6"><span class='ocrx_word' id='word_1_34' title='bbox 251 563 292 593; x_wconf 85' lang='lat' dir='ltr'>et</span> <span class='ocrx_word' id='word_1_35' title='bbox 321 550 593 598; x_wconf 80' lang='lat' dir='ltr'>neomenias,</span> <span class='ocrx_word' id='word_1_36' title='bbox 636 560 677 589; x_wconf 86' lang='lat' dir='ltr'>et</span> <span class='ocrx_word' id='word_1_37' title='bbox 709 547 1079 589; x_wconf 85' lang='lat' dir='ltr'>circumcisionem</span> <span class='ocrx_word' id='word_1_38' title='bbox 1103 546 1282 598; x_wconf 51' lang='lat' dir='ltr'>parnis,</span> <span class='ocrx_word' id='word_1_39' title='bbox 1317 559 1356 588; x_wconf 90' lang='lat' dir='ltr'>et</span> <span class='ocrx_word' id='word_1_40' title='bbox 1387 547 1585 587; x_wconf 88' lang='lat' dir='ltr'>ciborum</span> <span class='ocrx_word' id='word_1_41' title='bbox 1613 547 1678 587; x_wconf 86' lang='lat' dir='ltr'>‹li-</span> 
     </span>
     <span class='ocr_line' id='line_1_7' title="bbox 251 622 1680 679; baseline -0.004 -10"><span class='ocrx_word' id='word_1_42' title='bbox 251 626 499 670; x_wconf 81' lang='lat' dir='ltr'>stinctiones</span> <span class='ocrx_word' id='word_1_43' title='bbox 550 626 777 667; x_wconf 79' lang='lat' dir='ltr'>carnaliter</span> <span class='ocrx_word' id='word_1_44' title='bbox 823 626 1061 668; x_wconf 75' lang='lat' dir='ltr'>observare.</span> <span class='ocrx_word' id='word_1_45' title='bbox 1150 624 1194 665; x_wconf 87' lang='lat' dir='ltr'>Si</span> <span class='ocrx_word' id='word_1_46' title='bbox 1250 641 1350 665; x_wconf 79' lang='lat' dir='ltr'>vcro</span> <span class='ocrx_word' id='word_1_47' title='bbox 1404 622 1680 679; x_wconf 77' lang='lat' dir='ltr'>spiritualiter</span> 
     </span>
     <span class='ocr_line' id='line_1_8' title="bbox 250 701 1675 759; baseline -0.004 -14"><span class='ocrx_word' id='word_1_48' title='bbox 250 703 484 754; x_wconf 79' lang='lat' dir='ltr'>intelligere</span> <span class='ocrx_word' id='word_1_49' title='bbox 514 703 605 758; x_wconf 75' lang='lat' dir='ltr'>quiS</span> <span class='ocrx_word' id='word_1_50' title='bbox 640 703 842 759; x_wconf 83' lang='lat' dir='ltr'>coeperit,</span> <span class='ocrx_word' id='word_1_51' title='bbox 872 704 987 758; x_wconf 86' lang='lat' dir='ltr'>ipsae</span> <span class='ocrx_word' id='word_1_52' title='bbox 1017 703 1112 744; x_wconf 86' lang='lat' dir='ltr'>illae</span> <span class='ocrx_word' id='word_1_53' title='bbox 1137 701 1439 752; x_wconf 72' lang='lat' dir='ltr'>observantiae,</span> <span class='ocrx_word' id='word_1_54' title='bbox 1474 717 1583 756; x_wconf 83' lang='lat' dir='ltr'>quae</span> <span class='ocrx_word' id='word_1_55' title='bbox 1611 717 1675 741; x_wconf 89' lang='lat' dir='ltr'>sc-</span> 
     </span>
     <span class='ocr_line' id='line_1_9' title="bbox 250 778 1676 835; baseline -0.004 -13"><span class='ocrx_word' id='word_1_56' title='bbox 250 781 439 822; x_wconf 88' lang='lat' dir='ltr'>cundum</span> <span class='ocrx_word' id='word_1_57' title='bbox 469 780 633 821; x_wconf 76' lang='lat' dir='ltr'>literam</span> <span class='ocrx_word' id='word_1_58' title='bbox 664 781 843 835; x_wconf 78' lang='lat' dir='ltr'><strong>pusillae</strong></span> <span class='ocrx_word' id='word_1_59' title='bbox 875 793 995 822; x_wconf 83' lang='lat' dir='ltr'>crant</span> <span class='ocrx_word' id='word_1_60' title='bbox 1026 792 1065 821; x_wconf 91' lang='lat' dir='ltr'>et</span> <span class='ocrx_word' id='word_1_61' title='bbox 1092 796 1257 835; x_wconf 82' lang='lat' dir='ltr'>parvae,</span> <span class='ocrx_word' id='word_1_62' title='bbox 1286 781 1524 821; x_wconf 83' lang='lat' dir='ltr'>secundum</span> <span class='ocrx_word' id='word_1_63' title='bbox 1554 778 1676 834; x_wconf 80' lang='lat' dir='ltr'>spiri—</span> 
     </span>
     <span class='ocr_line' id='line_1_10' title="bbox 249 857 1677 912; baseline -0.001 -14"><span class='ocrx_word' id='word_1_64' title='bbox 249 868 341 899; x_wconf 87' lang='lat' dir='ltr'>tum</span> <span class='ocrx_word' id='word_1_65' title='bbox 371 875 459 898; x_wconf 87' lang='lat' dir='ltr'>non</span> <span class='ocrx_word' id='word_1_66' title='bbox 492 868 617 899; x_wconf 85' lang='lat' dir='ltr'>erunt</span> <span class='ocrx_word' id='word_1_67' title='bbox 646 874 813 912; x_wconf 81' lang='lat' dir='ltr'>parvae,</span> <span class='ocrx_word' id='word_1_68' title='bbox 842 858 915 898; x_wconf 85' lang='lat' dir='ltr'>sed</span> <span class='ocrx_word' id='word_1_69' title='bbox 950 874 1139 909; x_wconf 78' lang='lat' dir='ltr'>magnae.</span> <span class='ocrx_word' id='word_1_70' title='bbox 1198 857 1432 899; x_wconf 80' lang='lat' dir='ltr'>Adscendit</span> <span class='ocrx_word' id='word_1_71' title='bbox 1461 873 1560 908; x_wconf 86' lang='lat' dir='ltr'>ergo</span> <span class='ocrx_word' id='word_1_72' title='bbox 1581 868 1677 912; x_wconf 82' lang='lat' dir='ltr'>post</span> 
     </span>
     <span class='ocr_line' id='line_1_11' title="bbox 249 933 1712 990; baseline -0.001 -17"><span class='ocrx_word' id='word_1_73' title='bbox 249 934 353 975; x_wconf 86' lang='lat' dir='ltr'>haec</span> <span class='ocrx_word' id='word_1_74' title='bbox 384 933 465 974; x_wconf 87' lang='lat' dir='ltr'>Lot</span> <span class='ocrx_word' id='word_1_75' title='bbox 492 934 534 975; x_wconf 89' lang='lat' dir='ltr'>in</span> <span class='ocrx_word' id='word_1_76' title='bbox 568 946 785 985; x_wconf 84' lang='lat' dir='ltr'>montem,</span> <span class='ocrx_word' id='word_1_77' title='bbox 817 947 854 975; x_wconf 85' lang='lat' dir='ltr'>et</span> <span class='ocrx_word' id='word_1_78' title='bbox 884 935 944 976; x_wconf 82' lang='lat' dir='ltr'>ibi</span> <span class='ocrx_word' id='word_1_79' title='bbox 976 935 1135 976; x_wconf 80' lang='lat' dir='ltr'>habitat</span> <span class='ocrx_word' id='word_1_80' title='bbox 1165 935 1208 976; x_wconf 87' lang='lat' dir='ltr'>in</span> <span class='ocrx_word' id='word_1_81' title='bbox 1238 935 1468 990; x_wconf 79' lang='lat' dir='ltr'>spelunca,</span> <span class='ocrx_word' id='word_1_82' title='bbox 1499 945 1546 974; x_wconf 89' lang='lat' dir='ltr'>ut</span> <span class='ocrx_word' id='word_1_83' title='bbox 1577 933 1678 973; x_wconf 77' lang='lat' dir='ltr'>dicit</span> <span class='ocrx_word' id='word_1_84' title='bbox 1709 960 1712 962; x_wconf 38' lang='lat' dir='ltr'>v</span> 
     </span>
     <span class='ocr_line' id='line_1_12' title="bbox 248 1009 1676 1069; baseline -0.003 -16"><span class='ocrx_word' id='word_1_85' title='bbox 248 1011 492 1067; x_wconf 74' lang='lat' dir='ltr'>Scriptura,</span> <span class='ocrx_word' id='word_1_86' title='bbox 538 1011 628 1067; x_wconf 82' lang='lat' dir='ltr'>ipse</span> <span class='ocrx_word' id='word_1_87' title='bbox 670 1024 708 1053; x_wconf 85' lang='lat' dir='ltr'>et</span> <span class='ocrx_word' id='word_1_88' title='bbox 745 1014 856 1054; x_wconf 86' lang='lat' dir='ltr'>duae</span> <span class='ocrx_word' id='word_1_89' title='bbox 907 1012 1020 1053; x_wconf 81' lang='lat' dir='ltr'>filiae</span> <span class='ocrx_word' id='word_1_90' title='bbox 1053 1011 1152 1069; x_wconf 78' lang='lat' dir='ltr'>ejus.</span> <span class='ocrx_word' id='word_1_91' title='bbox 1229 1012 1284 1053; x_wconf 82' lang='lat' dir='ltr'>Et</span> <span class='ocrx_word' id='word_1_92' title='bbox 1316 1011 1582 1053; x_wconf 77' lang='lat' dir='ltr'><strong>adscendisse</strong></span> <span class='ocrx_word' id='word_1_93' title='bbox 1611 1009 1676 1050; x_wconf 83' lang='lat' dir='ltr'>lex</span> 
     </span>
     <span class='ocr_line' id='line_1_13' title="bbox 246 1088 1677 1144; baseline -0.001 -16"><span class='ocrx_word' id='word_1_94' title='bbox 246 1088 438 1144; x_wconf 86' lang='lat' dir='ltr'>putanda</span> <span class='ocrx_word' id='word_1_95' title='bbox 470 1098 550 1136; x_wconf 85' lang='lat' dir='ltr'>cst,</span> <span class='ocrx_word' id='word_1_96' title='bbox 595 1104 692 1129; x_wconf 88' lang='lat' dir='ltr'>cum</span> <span class='ocrx_word' id='word_1_97' title='bbox 736 1088 773 1129; x_wconf 85' lang='lat' dir='ltr'>ei</span> <span class='ocrx_word' id='word_1_98' title='bbox 811 1105 889 1143; x_wconf 83' lang='lat' dir='ltr'>per</span> <span class='ocrx_word' id='word_1_99' title='bbox 918 1090 1127 1144; x_wconf 83' lang='lat' dir='ltr'>templum</span> <span class='ocrx_word' id='word_1_100' title='bbox 1160 1106 1191 1131; x_wconf 87' lang='lat' dir='ltr'>a.</span> <span class='ocrx_word' id='word_1_101' title='bbox 1214 1090 1452 1130; x_wconf 85' lang='lat' dir='ltr'>Salomone</span> <span class='ocrx_word' id='word_1_102' title='bbox 1481 1099 1677 1129; x_wconf 85' lang='lat' dir='ltr'>constru-</span> 
     </span>
     <span class='ocr_line' id='line_1_14' title="bbox 249 1164 1677 1221; baseline -0.001 -16"><span class='ocrx_word' id='word_1_103' title='bbox 249 1177 362 1205; x_wconf 80' lang='lat' dir='ltr'>ctum</span> <span class='ocrx_word' id='word_1_104' title='bbox 395 1164 568 1205; x_wconf 81' lang='lat' dir='ltr'>accessit</span> <span class='ocrx_word' id='word_1_105' title='bbox 599 1176 787 1213; x_wconf 84' lang='lat' dir='ltr'>ornatus,</span> <span class='ocrx_word' id='word_1_106' title='bbox 820 1181 919 1205; x_wconf 86' lang='lat' dir='ltr'>cum</span> <span class='ocrx_word' id='word_1_107' title='bbox 950 1167 1061 1207; x_wconf 86' lang='lat' dir='ltr'>facta</span> <span class='ocrx_word' id='word_1_108' title='bbox 1099 1178 1155 1207; x_wconf 89' lang='lat' dir='ltr'>est</span> <span class='ocrx_word' id='word_1_109' title='bbox 1186 1167 1359 1221; x_wconf 85' lang='lat' dir='ltr'>quidem</span> <span class='ocrx_word' id='word_1_110' title='bbox 1392 1167 1548 1207; x_wconf 83' lang='lat' dir='ltr'>domus</span> <span class='ocrx_word' id='word_1_111' title='bbox 1578 1164 1677 1214; x_wconf 81' lang='lat' dir='ltr'>Dei,</span> 
     </span>
     <span class='ocr_line' id='line_1_15' title="bbox 249 1241 1675 1291; baseline 0 -9"><span class='ocrx_word' id='word_1_112' title='bbox 249 1243 403 1282; x_wconf 80' lang='lat' dir='ltr'>domus</span> <span class='ocrx_word' id='word_1_113' title='bbox 445 1241 669 1291; x_wconf 86' lang='lat' dir='ltr'>orationis,</span> <span class='ocrx_word' id='word_1_114' title='bbox 718 1241 821 1282; x_wconf 86' lang='lat' dir='ltr'>mali</span> <span class='ocrx_word' id='word_1_115' title='bbox 869 1253 1011 1282; x_wconf 86' lang='lat' dir='ltr'>autem</span> <span class='ocrx_word' id='word_1_116' title='bbox 1048 1241 1309 1284; x_wconf 75' lang='lat' dir='ltr'>habitatores</span> <span class='ocrx_word' id='word_1_117' title='bbox 1347 1244 1541 1284; x_wconf 77' lang='lat' dir='ltr'>fecerunt</span> <span class='ocrx_word' id='word_1_118' title='bbox 1581 1258 1675 1282; x_wconf 85' lang='lat' dir='ltr'>eam</span> 
     </span>
     <span class='ocr_line' id='line_1_16' title="bbox 245 1317 1677 1376; baseline 0.001 -18"><span class='ocrx_word' id='word_1_119' title='bbox 245 1318 493 1372; x_wconf 78' lang='lat' dir='ltr'>speluncam</span> <span class='ocrx_word' id='word_1_120' title='bbox 514 1318 558 1374; x_wconf 86' lang='grc'>1)</span> <span class='ocrx_word' id='word_1_121' title='bbox 589 1320 820 1361; x_wconf 85' lang='lat' dir='ltr'>latronum.</span> <span class='ocrx_word' id='word_1_122' title='bbox 892 1317 1112 1359; x_wconf 87' lang='lat' dir='ltr'>Habitavit</span> <span class='ocrx_word' id='word_1_123' title='bbox 1143 1335 1241 1370; x_wconf 86' lang='lat' dir='ltr'>ergo</span> <span class='ocrx_word' id='word_1_124' title='bbox 1273 1320 1319 1361; x_wconf 83' lang='lat' dir='ltr'>in</span> <span class='ocrx_word' id='word_1_125' title='bbox 1347 1321 1552 1376; x_wconf 86' lang='lat' dir='ltr'>spelunca</span> <span class='ocrx_word' id='word_1_126' title='bbox 1582 1319 1677 1368; x_wconf 88' lang='lat' dir='ltr'>Lot,</span> 
     </span>
     <span class='ocr_line' id='line_1_17' title="bbox 247 1393 1675 1454; baseline 0.001 -18"><span class='ocrx_word' id='word_1_127' title='bbox 247 1407 286 1436; x_wconf 89' lang='lat' dir='ltr'>et</span> <span class='ocrx_word' id='word_1_128' title='bbox 316 1397 426 1436; x_wconf 81' lang='lat' dir='ltr'>(luae</span> <span class='ocrx_word' id='word_1_129' title='bbox 455 1393 702 1452; x_wconf 79' lang='lat' dir='ltr'>filiae&#39;ejus.</span> <span class='ocrx_word' id='word_1_130' title='bbox 762 1396 883 1438; x_wconf 91' lang='lat' dir='ltr'>Duas</span> <span class='ocrx_word' id='word_1_131' title='bbox 914 1397 988 1437; x_wconf 89' lang='lat' dir='ltr'>has</span> <span class='ocrx_word' id='word_1_132' title='bbox 1018 1396 1124 1437; x_wconf 84' lang='lat' dir='ltr'>filias</span> <span class='ocrx_word' id='word_1_133' title='bbox 1155 1397 1370 1439; x_wconf 88' lang='lat' dir='ltr'>evidenter</span> <span class='ocrx_word' id='word_1_134' title='bbox 1398 1397 1611 1454; x_wconf 87' lang='lat' dir='ltr'>propheta</span> <span class='ocrx_word' id='word_1_135' title='bbox 1629 1397 1675 1452; x_wconf 84' lang='grc'>2)</span> 
     </span>
     <span class='ocr_line' id='line_1_18' title="bbox 246 1472 1674 1524; baseline 0 -10"><span class='ocrx_word' id='word_1_136' title='bbox 246 1472 466 1523; x_wconf 83' lang='lat' dir='ltr'>describit,</span> <span class='ocrx_word' id='word_1_137' title='bbox 507 1472 651 1514; x_wconf 82' lang='lat' dir='ltr'>dicens</span> <span class='ocrx_word' id='word_1_138' title='bbox 683 1472 859 1514; x_wconf 84' lang='lat' dir='ltr'>Oollam</span> <span class='ocrx_word' id='word_1_139' title='bbox 901 1486 940 1515; x_wconf 88' lang='lat' dir='ltr'>et</span> <span class='ocrx_word' id='word_1_140' title='bbox 983 1472 1190 1515; x_wconf 78' lang='lat' dir='ltr'>Oolibam</span> <span class='ocrx_word' id='word_1_141' title='bbox 1232 1475 1336 1516; x_wconf 80' lang='lat' dir='ltr'>duas</span> <span class='ocrx_word' id='word_1_142' title='bbox 1375 1491 1544 1516; x_wconf 85' lang='lat' dir='ltr'>sorores</span> <span class='ocrx_word' id='word_1_143' title='bbox 1575 1490 1674 1524; x_wconf 80' lang='lat' dir='ltr'>esse,</span> 
     </span>
     <span class='ocr_line' id='line_1_19' title="bbox 246 1549 1675 1606; baseline 0 -15"><span class='ocrx_word' id='word_1_144' title='bbox 246 1561 287 1591; x_wconf 88' lang='lat' dir='ltr'>et</span> <span class='ocrx_word' id='word_1_145' title='bbox 327 1550 474 1605; x_wconf 77' lang='lat' dir='ltr'>esse3)</span> <span class='ocrx_word' id='word_1_146' title='bbox 515 1549 691 1606; x_wconf 86' lang='lat' dir='ltr'>quidem</span> <span class='ocrx_word' id='word_1_147' title='bbox 743 1551 919 1592; x_wconf 87' lang='lat' dir='ltr'>Oollam</span> <span class='ocrx_word' id='word_1_148' title='bbox 963 1551 1224 1601; x_wconf 80' lang='lat' dir='ltr'>Jerusalem,</span> <span class='ocrx_word' id='word_1_149' title='bbox 1266 1563 1304 1592; x_wconf 89' lang='lat' dir='ltr'>et</span> <span class='ocrx_word' id='word_1_150' title='bbox 1343 1551 1549 1593; x_wconf 79' lang='lat' dir='ltr'>Oolibam</span> <span class='ocrx_word' id='word_1_151' title='bbox 1589 1567 1675 1593; x_wconf 88' lang='lat' dir='ltr'>esse</span> 
     </span>
     <span class='ocr_line' id='line_1_20' title="bbox 245 1626 1673 1684; baseline 0 -17"><span class='ocrx_word' id='word_1_152' title='bbox 245 1626 498 1668; x_wconf 82' lang='lat' dir='ltr'>Samariam.</span> <span class='ocrx_word' id='word_1_153' title='bbox 567 1626 618 1668; x_wconf 89' lang='lat' dir='ltr'>In</span> <span class='ocrx_word' id='word_1_154' title='bbox 660 1630 764 1670; x_wconf 87' lang='lat' dir='ltr'>duas</span> <span class='ocrx_word' id='word_1_155' title='bbox 803 1643 902 1680; x_wconf 82' lang='lat' dir='ltr'>ergo</span> <span class='ocrx_word' id='word_1_156' title='bbox 943 1639 1082 1684; x_wconf 86' lang='lat' dir='ltr'>partes</span> <span class='ocrx_word' id='word_1_157' title='bbox 1119 1629 1308 1684; x_wconf 88' lang='lat' dir='ltr'>populus</span> <span class='ocrx_word' id='word_1_158' title='bbox 1348 1629 1522 1679; x_wconf 81' lang='lat' dir='ltr'>divisus,</span> <span class='ocrx_word' id='word_1_159' title='bbox 1571 1629 1673 1668; x_wconf 79' lang='lat' dir='ltr'>duas</span> 
     </span>
     <span class='ocr_line' id='line_1_21' title="bbox 242 1703 1674 1762; baseline 0.001 -19"><span class='ocrx_word' id='word_1_160' title='bbox 242 1703 344 1744; x_wconf 82' lang='lat' dir='ltr'>fecit</span> <span class='ocrx_word' id='word_1_161' title='bbox 375 1703 481 1745; x_wconf 81' lang='lat' dir='ltr'>filias</span> <span class='ocrx_word' id='word_1_162' title='bbox 512 1704 624 1755; x_wconf 80' lang='lat' dir='ltr'>legis.</span> <span class='ocrx_word' id='word_1_163' title='bbox 683 1705 790 1746; x_wconf 82' lang='lat' dir='ltr'>Istae</span> <span class='ocrx_word' id='word_1_164' title='bbox 811 1706 1024 1746; x_wconf 85' lang='lat' dir='ltr'>carnalem</span> <span class='ocrx_word' id='word_1_165' title='bbox 1047 1706 1266 1761; x_wconf 87' lang='lat' dir='ltr'>cupientes</span> <span class='ocrx_word' id='word_1_166' title='bbox 1286 1707 1538 1762; x_wconf 84' lang='lat' dir='ltr'>progeniem</span> <span class='ocrx_word' id='word_1_167' title='bbox 1570 1722 1674 1761; x_wconf 89' lang='lat' dir='ltr'>pro-</span> 
     </span>
     <span class='ocr_line' id='line_1_22' title="bbox 240 1781 1671 1839; baseline 0.001 -18"><span class='ocrx_word' id='word_1_168' title='bbox 240 1797 408 1836; x_wconf 85' lang='lat' dir='ltr'>pagare,</span> <span class='ocrx_word' id='word_1_169' title='bbox 441 1792 481 1822; x_wconf 84' lang='lat' dir='ltr'>et</span> <span class='ocrx_word' id='word_1_170' title='bbox 509 1781 617 1822; x_wconf 85' lang='lat' dir='ltr'>vires</span> <span class='ocrx_word' id='word_1_171' title='bbox 646 1782 765 1834; x_wconf 83' lang='lat' dir='ltr'>regni</span> <span class='ocrx_word' id='word_1_172' title='bbox 794 1782 999 1824; x_wconf 86' lang='lat' dir='ltr'>terrestris</span> <span class='ocrx_word' id='word_1_173' title='bbox 1031 1799 1260 1835; x_wconf 75' lang='lat' dir='ltr'>numerosa</span> <span class='ocrx_word' id='word_1_174' title='bbox 1300 1783 1546 1839; x_wconf 79' lang='lat' dir='ltr'>posteritate</span> <span class='ocrx_word' id='word_1_175' title='bbox 1576 1800 1671 1823; x_wconf 87' lang='lat' dir='ltr'>mu-</span> 
     </span>
     <span class='ocr_line' id='line_1_23' title="bbox 241 1856 1672 1914; baseline 0.001 -16"><span class='ocrx_word' id='word_1_176' title='bbox 241 1857 346 1907; x_wconf 84' lang='lat' dir='ltr'>nire,</span> <span class='ocrx_word' id='word_1_177' title='bbox 376 1859 592 1914; x_wconf 80' lang='lat' dir='ltr'>sopientes</span> <span class='ocrx_word' id='word_1_178' title='bbox 623 1856 789 1914; x_wconf 80' lang='lat' dir='ltr'>patrem</span> <span class='ocrx_word' id='word_1_179' title='bbox 832 1872 870 1901; x_wconf 88' lang='lat' dir='ltr'>et</span> <span class='ocrx_word' id='word_1_180' title='bbox 900 1874 1100 1901; x_wconf 87' lang='lat' dir='ltr'>somnum</span> <span class='ocrx_word' id='word_1_181' title='bbox 1134 1859 1170 1900; x_wconf 87' lang='lat' dir='ltr'>ei</span> <span class='ocrx_word' id='word_1_182' title='bbox 1200 1860 1471 1911; x_wconf 84' lang='lat' dir='ltr'>inducentes,</span> <span class='ocrx_word' id='word_1_183' title='bbox 1523 1860 1569 1900; x_wconf 86' lang='lat' dir='ltr'>id</span> <span class='ocrx_word' id='word_1_184' title='bbox 1601 1871 1672 1908; x_wconf 86' lang='lat' dir='ltr'>est,</span> 
     </span>
     <span class='ocr_line' id='line_1_24' title="bbox 241 1936 1671 1994; baseline 0.001 -20"><span class='ocrx_word' id='word_1_185' title='bbox 241 1946 436 1985; x_wconf 86' lang='lat' dir='ltr'>cogentes</span> <span class='ocrx_word' id='word_1_186' title='bbox 467 1946 505 1975; x_wconf 85' lang='lat' dir='ltr'>et</span> <span class='ocrx_word' id='word_1_187' title='bbox 537 1937 764 1978; x_wconf 83' lang='lat' dir='ltr'>obruentes</span> <span class='ocrx_word' id='word_1_188' title='bbox 807 1936 894 1994; x_wconf 84' lang='lat' dir='ltr'>ejus</span> <span class='ocrx_word' id='word_1_189' title='bbox 933 1936 1198 1991; x_wconf 81' lang='lat' dir='ltr'>spiritualem</span> <span class='ocrx_word' id='word_1_190' title='bbox 1227 1936 1421 1986; x_wconf 80' lang='lat' dir='ltr'>sensum,</span> <span class='ocrx_word' id='word_1_191' title='bbox 1456 1938 1591 1979; x_wconf 87' lang='lat' dir='ltr'>solam</span> <span class='ocrx_word' id='word_1_192' title='bbox 1624 1953 1671 1976; x_wconf 88' lang='lat' dir='ltr'>ex</span> 
     </span>
     <span class='ocr_line' id='line_1_25' title="bbox 241 2011 1671 2071; baseline 0.003 -20"><span class='ocrx_word' id='word_1_193' title='bbox 241 2027 292 2052; x_wconf 91' lang='lat' dir='ltr'>eo</span> <span class='ocrx_word' id='word_1_194' title='bbox 327 2011 464 2053; x_wconf 86' lang='lat' dir='ltr'>carnis</span> <span class='ocrx_word' id='word_1_195' title='bbox 495 2013 817 2065; x_wconf 82' lang='lat' dir='ltr'>intelligentiam</span> <span class='ocrx_word' id='word_1_196' title='bbox 861 2015 1046 2055; x_wconf 85' lang='lat' dir='ltr'>trahunt.</span> <span class='ocrx_word' id='word_1_197' title='bbox 1115 2013 1221 2053; x_wconf 83' lang='lat' dir='ltr'>Inde</span> <span class='ocrx_word' id='word_1_198' title='bbox 1261 2014 1532 2071; x_wconf 69' lang='lat' dir='ltr'>concipiunt,</span> <span class='ocrx_word' id='word_1_199' title='bbox 1569 2014 1671 2055; x_wconf 79' lang='lat' dir='ltr'>inde</span> 
     </span>
     <span class='ocr_line' id='line_1_26' title="bbox 241 2090 1667 2148; baseline 0.004 -20"><span class='ocrx_word' id='word_1_200' title='bbox 241 2101 444 2139; x_wconf 85' lang='lat' dir='ltr'>generant</span> <span class='ocrx_word' id='word_1_201' title='bbox 474 2090 584 2132; x_wconf 78' lang='lat' dir='ltr'>filios</span> <span class='ocrx_word' id='word_1_202' title='bbox 615 2093 732 2142; x_wconf 83' lang='lat' dir='ltr'>tales,</span> <span class='ocrx_word' id='word_1_203' title='bbox 763 2109 869 2148; x_wconf 91' lang='lat' dir='ltr'>quos</span> <span class='ocrx_word' id='word_1_204' title='bbox 899 2108 979 2132; x_wconf 86' lang='lat' dir='ltr'>nec</span> <span class='ocrx_word' id='word_1_205' title='bbox 1000 2091 1184 2141; x_wconf 87' lang='lat' dir='ltr'>sentiret,</span> <span class='ocrx_word' id='word_1_206' title='bbox 1216 2107 1294 2132; x_wconf 89' lang='lat' dir='ltr'>nec</span> <span class='ocrx_word' id='word_1_207' title='bbox 1318 2105 1562 2144; x_wconf 82' lang='lat' dir='ltr'>agnosceret</span> <span class='ocrx_word' id='word_1_208' title='bbox 1592 2110 1667 2148; x_wconf 70' lang='lat' dir='ltr'>pa-</span> 
     </span>
     <span class='ocr_line' id='line_1_27' title="bbox 237 2165 1670 2222; baseline 0.003 -17"><span class='ocrx_word' id='word_1_209' title='bbox 237 2176 315 2206; x_wconf 88' lang='lat' dir='ltr'>ter.</span> <span class='ocrx_word' id='word_1_210' title='bbox 370 2166 459 2207; x_wconf 61' lang='lat' dir='ltr'>Nee</span> <span class='ocrx_word' id='word_1_211' title='bbox 481 2165 527 2222; x_wconf 72' lang='grc'>4)</span> <span class='ocrx_word' id='word_1_212' title='bbox 569 2169 683 2210; x_wconf 89' lang='lat' dir='ltr'>enim</span> <span class='ocrx_word' id='word_1_213' title='bbox 723 2171 799 2211; x_wconf 86' lang='lat' dir='ltr'>iste</span> <span class='ocrx_word' id='word_1_214' title='bbox 827 2186 993 2219; x_wconf 85' lang='lat' dir='ltr'>sensus,</span> <span class='ocrx_word' id='word_1_215' title='bbox 1039 2181 1111 2210; x_wconf 88' lang='lat' dir='ltr'>aut</span> <span class='ocrx_word' id='word_1_216' title='bbox 1154 2169 1259 2210; x_wconf 85' lang='lat' dir='ltr'>haec</span> <span class='ocrx_word' id='word_1_217' title='bbox 1298 2170 1493 2211; x_wconf 90' lang='lat' dir='ltr'>voluntas</span> <span class='ocrx_word' id='word_1_218' title='bbox 1532 2167 1670 2210; x_wconf 78' lang='lat' dir='ltr'>fuera‘t</span> 
     </span>
     <span class='ocr_line' id='line_1_28' title="bbox 238 2244 1668 2302; baseline 0.003 -20"><span class='ocrx_word' id='word_1_219' title='bbox 238 2244 351 2294; x_wconf 85' lang='lat' dir='ltr'>legis,</span> <span class='ocrx_word' id='word_1_220' title='bbox 382 2254 428 2283; x_wconf 90' lang='lat' dir='ltr'>ut</span> <span class='ocrx_word' id='word_1_221' title='bbox 461 2246 684 2286; x_wconf 76' lang='lat' dir='ltr'>carnaliter</span> <span class='ocrx_word' id='word_1_222' title='bbox 713 2259 950 2297; x_wconf 83' lang='lat' dir='ltr'>generaret:</span> <span class='ocrx_word' id='word_1_223' title='bbox 979 2247 1053 2287; x_wconf 82' lang='lat' dir='ltr'>sed</span> <span class='ocrx_word' id='word_1_224' title='bbox 1082 2245 1250 2302; x_wconf 84' lang='lat' dir='ltr'>sopitur</span> <span class='ocrx_word' id='word_1_225' title='bbox 1281 2247 1359 2295; x_wconf 81' lang='lat' dir='ltr'>lex,</span> <span class='ocrx_word' id='word_1_226' title='bbox 1389 2258 1436 2287; x_wconf 90' lang='lat' dir='ltr'>ut</span> <span class='ocrx_word' id='word_1_227' title='bbox 1464 2248 1556 2289; x_wconf 83' lang='lat' dir='ltr'>talis</span> <span class='ocrx_word' id='word_1_228' title='bbox 1585 2264 1668 2302; x_wconf 92' lang='lat' dir='ltr'>po-</span> 
     </span>
    </p>
   </div>
   <div class='ocr_carea' id='block_1_3' title="bbox 235 2320 1663 2379">
    <p class='ocr_par' dir='ltr' id='par_1_3' title="bbox 235 2320 1663 2379">
     <span class='ocr_line' id='line_1_29' title="bbox 235 2320 1663 2379; baseline 0.003 -17"><span class='ocrx_word' id='word_1_229' title='bbox 235 2320 397 2362; x_wconf 84' lang='lat' dir='ltr'>steritas</span> <span class='ocrx_word' id='word_1_230' title='bbox 426 2333 668 2374; x_wconf 84' lang='lat' dir='ltr'>generetur,</span> <span class='ocrx_word' id='word_1_231' title='bbox 709 2339 818 2379; x_wconf 88' lang='lat' dir='ltr'>quae</span> <span class='ocrx_word' id='word_1_232' title='bbox 856 2340 947 2365; x_wconf 90' lang='lat' dir='ltr'>non</span> <span class='ocrx_word' id='word_1_233' title='bbox 987 2323 1116 2364; x_wconf 85' lang='lat' dir='ltr'>intret</span> <span class='ocrx_word' id='word_1_234' title='bbox 1143 2322 1189 2363; x_wconf 88' lang='lat' dir='ltr'>in</span> <span class='ocrx_word' id='word_1_235' title='bbox 1220 2323 1440 2365; x_wconf 86' lang='lat' dir='ltr'>ecclesiam</span> <span class='ocrx_word' id='word_1_236' title='bbox 1471 2323 1663 2366; x_wconf 88' lang='lat' dir='ltr'>Domini.</span> 
     </span>
    </p>
   </div>
   <div class='ocr_carea' id='block_1_4' title="bbox 350 2542 1659 2674">
    <p class='ocr_par' dir='ltr' id='par_1_4' title="bbox 350 2542 1659 2674">
     <span class='ocr_line' id='line_1_30' title="bbox 354 2542 1367 2601; baseline 0.005 -16"><span class='ocrx_word' id='word_1_237' title='bbox 354 2542 399 2601; x_wconf 68' lang='grc' dir='ltr'>ι)</span> <span class='ocrx_word' id='word_1_238' title='bbox 431 2544 582 2586; x_wconf 75' lang='lat' dir='ltr'>Matth.</span> <span class='ocrx_word' id='word_1_239' title='bbox 606 2544 726 2596; x_wconf 82' lang='lat' dir='ltr'>XXI,</span> <span class='ocrx_word' id='word_1_240' title='bbox 755 2546 822 2589; x_wconf 81' lang='lat'>13.</span> <span class='ocrx_word' id='word_1_241' title='bbox 854 2547 951 2588; x_wconf 80' lang='lat' dir='ltr'>coll.</span> <span class='ocrx_word' id='word_1_242' title='bbox 982 2546 1141 2589; x_wconf 86' lang='lat' dir='ltr'>Jerem.</span> <span class='ocrx_word' id='word_1_243' title='bbox 1173 2547 1266 2597; x_wconf 87' lang='lat' dir='ltr'>VII,</span> <span class='ocrx_word' id='word_1_244' title='bbox 1300 2550 1367 2592; x_wconf 88' lang='lat'>11.</span> 
     </span>
     <span class='ocr_line' id='line_1_31' title="bbox 350 2614 1659 2674; baseline -0.001 -15"><span class='ocrx_word' id='word_1_245' title='bbox 350 2614 397 2671; x_wconf 85' lang='lat'>²)</span> <span class='ocrx_word' id='word_1_246' title='bbox 429 2616 515 2659; x_wconf 84' lang='lat' dir='ltr'>Cfr.</span> <span class='ocrx_word' id='word_1_247' title='bbox 546 2615 699 2658; x_wconf 83' lang='lat' dir='ltr'>Ezech.</span> <span class='ocrx_word' id='word_1_248' title='bbox 730 2616 900 2667; x_wconf 90' lang='lat' dir='ltr'>XXIII,</span> <span class='ocrx_word' id='word_1_249' title='bbox 936 2615 977 2658; x_wconf 86' lang='grc'>4.</span> <span class='ocrx_word' id='word_1_250' title='bbox 1017 2641 1070 2648; x_wconf 86' lang='grc'><strong>-</strong></span> <span class='ocrx_word' id='word_1_251' title='bbox 1099 2615 1212 2659; x_wconf 86' lang='lat' dir='ltr'><strong>Edd.</strong></span> <span class='ocrx_word' id='word_1_252' title='bbox 1256 2617 1434 2659; x_wconf 81' lang='lat' dir='ltr'>Merlini</span> <span class='ocrx_word' id='word_1_253' title='bbox 1474 2629 1659 2674; x_wconf 84' lang='lat' dir='ltr'>utroque</span> 
     </span>
    </p>
   </div>
   <div class='ocr_carea' id='block_1_5' title="bbox 232 2672 578 2723">
    <p class='ocr_par' dir='ltr' id='par_1_5' title="bbox 232 2672 578 2723">
     <span class='ocr_line' id='line_1_32' title="bbox 232 2672 578 2723; baseline -0.003 -10"><span class='ocrx_word' id='word_1_254' title='bbox 232 2672 357 2723; x_wconf 86' lang='lat' dir='ltr'>loco:</span> <span class='ocrx_word' id='word_1_255' title='bbox 389 2672 578 2714; x_wconf 84' lang='lat' dir='ltr'>Olibam.</span> 
     </span>
    </p>
   </div>
   <div class='ocr_carea' id='block_1_6' title="bbox 233 2741 1657 2841">
    <p class='ocr_par' dir='ltr' id='par_1_6' title="bbox 233 2741 1657 2841">
     <span class='ocr_line' id='line_1_33' title="bbox 347 2741 1657 2796; baseline 0 -13"><span class='ocrx_word' id='word_1_256' title='bbox 347 2742 394 2796; x_wconf 80' lang='grc'>3)</span> <span class='ocrx_word' id='word_1_257' title='bbox 423 2743 576 2783; x_wconf 79' lang='lat' dir='ltr'>Ezech,</span> <span class='ocrx_word' id='word_1_258' title='bbox 605 2741 779 2792; x_wconf 89' lang='lat' dir='ltr'>XXIII,</span> <span class='ocrx_word' id='word_1_259' title='bbox 817 2741 857 2782; x_wconf 87' lang='grc'>4.</span> <span class='ocrx_word' id='word_1_260' title='bbox 901 2757 922 2782; x_wconf 91' lang='lat' dir='ltr'>e</span> <span class='ocrx_word' id='word_1_261' title='bbox 956 2744 1171 2785; x_wconf 83' lang='lat' dir='ltr'>contrario</span> <span class='ocrx_word' id='word_1_262' title='bbox 1205 2743 1334 2787; x_wconf 86' lang='lat' dir='ltr'>Oolla</span> <span class='ocrx_word' id='word_1_263' title='bbox 1365 2743 1578 2793; x_wconf 79' lang='lat' dir='ltr'>Samaria,</span> <span class='ocrx_word' id='word_1_264' title='bbox 1616 2755 1657 2784; x_wconf 85' lang='lat' dir='ltr'>et</span> 
     </span>
     <span class='ocr_line' id='line_1_34' title="bbox 233 2797 972 2841; baseline 0.001 -2"><span class='ocrx_word' id='word_1_265' title='bbox 233 2797 392 2840; x_wconf 81' lang='lat' dir='ltr'>Ooliba</span> <span class='ocrx_word' id='word_1_266' title='bbox 423 2800 660 2840; x_wconf 82' lang='lat' dir='ltr'>Jerusalem</span> <span class='ocrx_word' id='word_1_267' title='bbox 692 2815 778 2841; x_wconf 90' lang='lat' dir='ltr'>esse</span> <span class='ocrx_word' id='word_1_268' title='bbox 807 2798 972 2840; x_wconf 72' lang='lat' dir='ltr'>dicitur.</span> 
     </span>
    </p>
   </div>
   <div class='ocr_carea' id='block_1_7' title="bbox 345 2867 1187 2924">
    <p class='ocr_par' dir='ltr' id='par_1_7' title="bbox 345 2867 1187 2924">
     <span class='ocr_line' id='line_1_35' title="bbox 345 2867 1187 2924; baseline 0.005 -16"><span class='ocrx_word' id='word_1_269' title='bbox 345 2867 390 2923; x_wconf 74' lang='lat'>⁴)</span> <span class='ocrx_word' id='word_1_270' title='bbox 420 2868 529 2911; x_wconf 84' lang='lat' dir='ltr'>Edd.</span> <span class='ocrx_word' id='word_1_271' title='bbox 561 2868 757 2910; x_wconf 82' lang='lat' dir='ltr'>Merlini:</span> <span class='ocrx_word' id='word_1_272' title='bbox 786 2869 935 2924; x_wconf 84' lang='lat' dir='ltr'>Neque</span> <span class='ocrx_word' id='word_1_273' title='bbox 967 2869 1078 2912; x_wconf 87' lang='lat' dir='ltr'>enim</span> <span class='ocrx_word' id='word_1_274' title='bbox 1110 2882 1187 2912; x_wconf 58' lang='lat' dir='ltr'>etex</span> 
     </span>
    </p>
   </div>
  </div>
 </body>
</html>
