<?xml version="1.0" encoding="UTF-8"?>
<!DOCTYPE html PUBLIC "-//W3C//DTD XHTML 1.0 Transitional//EN"
    "http://www.w3.org/TR/xhtml1/DTD/xhtml1-transitional.dtd">
<html xmlns="http://www.w3.org/1999/xhtml" xml:lang="en" lang="en">
 <head>
  <title>
</title>
<meta http-equiv="Content-Type" content="text/html;charset=utf-8" />
  <meta name='ocr-system' content='tesseract 3.04.00' />
  <meta name='ocr-capabilities' content='ocr_page ocr_carea ocr_par ocr_line ocrx_word'/>
</head>
<body>
  <div class='ocr_page' id='page_1' title='image "./operaomniaquaegr08orig_0241.png"; bbox 0 0 1764 3096; ppageno 0'>
   <div class='ocr_carea' id='block_1_1' title="bbox 490 97 1496 143">
    <p class='ocr_par' dir='ltr' id='par_1_1' title="bbox 490 97 1496 143">
     <span class='ocr_line' id='line_1_1' title="bbox 490 97 1496 143; baseline 0.003 -3"><span class='ocrx_word' id='word_1_1' title='bbox 490 111 537 140; x_wconf 76' lang='lat' dir='ltr'><strong>m</strong></span> <span class='ocrx_word' id='word_1_2' title='bbox 568 97 766 140; x_wconf 73' lang='lat' dir='ltr'><strong>GENEsm</strong></span> <span class='ocrx_word' id='word_1_3' title='bbox 796 97 998 140; x_wconf 75' lang='lat' dir='ltr'><strong>HommA</strong></span> <span class='ocrx_word' id='word_1_4' title='bbox 1020 97 1095 140; x_wconf 87' lang='lat' dir='ltr'><strong>XI.</strong></span> <span class='ocrx_word' id='word_1_5' title='bbox 1411 100 1496 143; x_wconf 80' lang='lat'><strong>229</strong></span> 
     </span>
    </p>
   </div>
   <div class='ocr_carea' id='block_1_2' title="bbox 25 207 1493 2030">
    <p class='ocr_par' dir='ltr' id='par_1_2' title="bbox 25 207 1493 2030">
     <span class='ocr_line' id='line_1_2' title="bbox 80 207 1493 267; baseline -0.002 -12"><span class='ocrx_word' id='word_1_6' title='bbox 80 212 353 256; x_wconf 87' lang='lat' dir='ltr'><strong>concubinas.</strong></span> <span class='ocrx_word' id='word_1_7' title='bbox 412 209 467 249; x_wconf 93' lang='lat' dir='ltr'><strong>Et</strong></span> <span class='ocrx_word' id='word_1_8' title='bbox 495 208 529 250; x_wconf 87' lang='lat' dir='ltr'><strong>si</strong></span> <span class='ocrx_word' id='word_1_9' title='bbox 559 209 611 250; x_wconf 89' lang='lat' dir='ltr'><strong>de</strong></span> <span class='ocrx_word' id='word_1_10' title='bbox 646 207 944 265; x_wconf 81' lang='lat' dir='ltr'><strong>hujuscemodi</strong></span> <span class='ocrx_word' id='word_1_11' title='bbox 977 208 1182 267; x_wconf 80' lang='lat' dir='ltr'><strong>conjugiis</strong></span> <span class='ocrx_word' id='word_1_12' title='bbox 1219 209 1493 265; x_wconf 83' lang='lat' dir='ltr'><strong>disputando,</strong></span> 
     </span>
     <span class='ocr_line' id='line_1_3' title="bbox 25 276 1493 341; baseline -0.003 -10"><span class='ocrx_word' id='word_1_13' title='bbox 25 290 36 297; x_wconf 73' lang='grc'><strong>”</strong></span> <span class='ocrx_word' id='word_1_14' title='bbox 78 289 336 335; x_wconf 84' lang='lat' dir='ltr'><strong>disserendo,</strong></span> <span class='ocrx_word' id='word_1_15' title='bbox 355 285 398 341; x_wconf 85' lang='lat'><strong>¹)</strong></span> <span class='ocrx_word' id='word_1_16' title='bbox 431 285 764 327; x_wconf 80' lang='lat' dir='ltr'><strong>contradicentes</strong></span> <span class='ocrx_word' id='word_1_17' title='bbox 793 287 1112 338; x_wconf 85' lang='lat' dir='ltr'><strong>redarguendo,</strong></span> <span class='ocrx_word' id='word_1_18' title='bbox 1143 298 1387 327; x_wconf 84' lang='lat' dir='ltr'><strong>convertere</strong></span> <span class='ocrx_word' id='word_1_19' title='bbox 1418 276 1493 326; x_wconf 53' lang='lat' dir='ltr'><strong>affl</strong></span> 
     </span>
     <span class='ocr_line' id='line_1_4' title="bbox 76 360 1489 421; baseline -0.003 -15"><span class='ocrx_word' id='word_1_20' title='bbox 76 382 183 421; x_wconf 90' lang='lat' dir='ltr'><strong>quos</strong></span> <span class='ocrx_word' id='word_1_21' title='bbox 211 360 446 418; x_wconf 75' lang='lat' dir='ltr'>poterimus</span> <span class='ocrx_word' id='word_1_22' title='bbox 477 364 530 405; x_wconf 88' lang='lat' dir='ltr'><strong>ad</strong></span> <span class='ocrx_word' id='word_1_23' title='bbox 562 362 707 412; x_wconf 86' lang='lat' dir='ltr'><strong>fidem,</strong></span> <span class='ocrx_word' id='word_1_24' title='bbox 734 374 774 403; x_wconf 90' lang='lat' dir='ltr'><strong>et</strong></span> <span class='ocrx_word' id='word_1_25' title='bbox 805 363 838 405; x_wconf 85' lang='lat' dir='ltr'><strong>si</strong></span> <span class='ocrx_word' id='word_1_26' title='bbox 867 363 950 405; x_wconf 88' lang='lat' dir='ltr'><strong>suis</strong></span> <span class='ocrx_word' id='word_1_27' title='bbox 980 380 1050 406; x_wconf 92' lang='lat' dir='ltr'><strong>eos</strong></span> <span class='ocrx_word' id='word_1_28' title='bbox 1072 362 1320 411; x_wconf 85' lang='lat' dir='ltr'><strong>rationibus,</strong></span> <span class='ocrx_word' id='word_1_29' title='bbox 1351 374 1390 403; x_wconf 88' lang='lat' dir='ltr'><strong>et</strong></span> <span class='ocrx_word' id='word_1_30' title='bbox 1424 379 1489 403; x_wconf 88' lang='lat' dir='ltr'><strong>ar-</strong></span> 
     </span>
     <span class='ocr_line' id='line_1_5' title="bbox 69 439 1490 495; baseline -0.001 -14"><span class='ocrx_word' id='word_1_31' title='bbox 69 441 178 481; x_wconf 80' lang='lat' dir='ltr'>tibus</span> <span class='ocrx_word' id='word_1_32' title='bbox 207 439 528 495; x_wconf 87' lang='lat' dir='ltr'><strong>superantes‚²)</strong></span> <span class='ocrx_word' id='word_1_33' title='bbox 558 455 698 480; x_wconf 87' lang='lat' dir='ltr'><strong>veram</strong></span> <span class='ocrx_word' id='word_1_34' title='bbox 732 439 1054 495; x_wconf 81' lang='lat' dir='ltr'>philosophiam</span> <span class='ocrx_word' id='word_1_35' title='bbox 1085 439 1252 489; x_wconf 81' lang='lat' dir='ltr'>Christi,</span> <span class='ocrx_word' id='word_1_36' title='bbox 1282 451 1321 480; x_wconf 91' lang='lat' dir='ltr'><strong>et</strong></span> <span class='ocrx_word' id='word_1_37' title='bbox 1351 455 1490 480; x_wconf 88' lang='lat' dir='ltr'><strong>veram</strong></span> 
     </span>
     <span class='ocr_line' id='line_1_6' title="bbox 68 515 1490 573; baseline -0.001 -17"><span class='ocrx_word' id='word_1_38' title='bbox 68 516 269 573; x_wconf 85' lang='lat' dir='ltr'><strong>pietatem</strong></span> <span class='ocrx_word' id='word_1_39' title='bbox 300 516 383 557; x_wconf 84' lang='lat' dir='ltr'><strong>Dei</strong></span> <span class='ocrx_word' id='word_1_40' title='bbox 414 515 624 572; x_wconf 79' lang='lat' dir='ltr'><strong>suscipere</strong></span> <span class='ocrx_word' id='word_1_41' title='bbox 653 516 924 560; x_wconf 85' lang='lat' dir='ltr'><strong>suaserimus:</strong></span> <span class='ocrx_word' id='word_1_42' title='bbox 956 529 1056 558; x_wconf 89' lang='lat' dir='ltr'><strong>tunc</strong></span> <span class='ocrx_word' id='word_1_43' title='bbox 1087 534 1134 558; x_wconf 87' lang='lat' dir='ltr'><strong>ex</strong></span> <span class='ocrx_word' id='word_1_44' title='bbox 1165 516 1395 566; x_wconf 88' lang='lat' dir='ltr'><strong>dialectica,</strong></span> <span class='ocrx_word' id='word_1_45' title='bbox 1424 516 1490 555; x_wconf 84' lang='lat' dir='ltr'><strong>vel</strong></span> 
     </span>
     <span class='ocr_line' id='line_1_7' title="bbox 66 591 1489 649; baseline -0.002 -15"><span class='ocrx_word' id='word_1_46' title='bbox 66 591 300 642; x_wconf 87' lang='lat' dir='ltr'><strong>rhetorica,</strong></span> <span class='ocrx_word' id='word_1_47' title='bbox 355 592 594 634; x_wconf 83' lang='lat' dir='ltr'><strong>videbimur</strong></span> <span class='ocrx_word' id='word_1_48' title='bbox 634 593 753 648; x_wconf 81' lang='lat' dir='ltr'>quasi</span> <span class='ocrx_word' id='word_1_49' title='bbox 795 610 841 633; x_wconf 86' lang='lat' dir='ltr'><strong>ex</strong></span> <span class='ocrx_word' id='word_1_50' title='bbox 888 592 1118 645; x_wconf 80' lang='lat' dir='ltr'>alienigena</span> <span class='ocrx_word' id='word_1_51' title='bbox 1170 595 1378 649; x_wconf 78' lang='lat' dir='ltr'><strong>quadam,</strong></span> <span class='ocrx_word' id='word_1_52' title='bbox 1423 593 1489 632; x_wconf 83' lang='lat' dir='ltr'><strong>vel</strong></span> 
     </span>
     <span class='ocr_line' id='line_1_8' title="bbox 67 669 1486 725; baseline -0.001 -14"><span class='ocrx_word' id='word_1_53' title='bbox 67 670 308 711; x_wconf 84' lang='lat' dir='ltr'><strong>concubina</strong></span> <span class='ocrx_word' id='word_1_54' title='bbox 337 670 447 710; x_wconf 85' lang='lat' dir='ltr'><strong>filios</strong></span> <span class='ocrx_word' id='word_1_55' title='bbox 477 670 678 721; x_wconf 82' lang='lat' dir='ltr'><strong>genuisse.</strong></span> <span class='ocrx_word' id='word_1_56' title='bbox 737 669 868 721; x_wconf 82' lang='lat' dir='ltr'><strong>Igitur</strong></span> <span class='ocrx_word' id='word_1_57' title='bbox 898 671 948 711; x_wconf 89' lang='lat' dir='ltr'><strong>ad</strong></span> <span class='ocrx_word' id='word_1_58' title='bbox 981 671 1082 711; x_wconf 86' lang='lat' dir='ltr'><strong>tales</strong></span> <span class='ocrx_word' id='word_1_59' title='bbox 1110 669 1300 725; x_wconf 80' lang='lat' dir='ltr'><strong>nuptias,</strong></span> <span class='ocrx_word' id='word_1_60' title='bbox 1334 670 1399 710; x_wconf 82' lang='lat' dir='ltr'><strong>vel</strong></span> <span class='ocrx_word' id='word_1_61' title='bbox 1430 670 1486 709; x_wconf 87' lang='lat' dir='ltr'><strong>ad</strong></span> 
     </span>
     <span class='ocr_line' id='line_1_9' title="bbox 64 744 1487 802; baseline -0.001 -16"><span class='ocrx_word' id='word_1_62' title='bbox 64 745 360 802; x_wconf 85' lang='lat' dir='ltr'><strong>hujuscemodi</strong></span> <span class='ocrx_word' id='word_1_63' title='bbox 400 744 510 786; x_wconf 64' lang='lat' dir='ltr'><strong>fili-os</strong></span> <span class='ocrx_word' id='word_1_64' title='bbox 540 748 832 801; x_wconf 86' lang='lat' dir='ltr'><strong>procreandos</strong></span> <span class='ocrx_word' id='word_1_65' title='bbox 872 762 949 802; x_wconf 85' lang='lat' dir='ltr'><strong>per</strong></span> <span class='ocrx_word' id='word_1_66' title='bbox 986 758 1197 788; x_wconf 75' lang='lat' dir='ltr'><strong>senectam</strong></span> <span class='ocrx_word' id='word_1_67' title='bbox 1238 746 1378 787; x_wconf 84' lang='lat' dir='ltr'><strong>nullus</strong></span> <span class='ocrx_word' id='word_1_68' title='bbox 1417 761 1487 785; x_wconf 77' lang='lat' dir='ltr'><strong>ex-</strong></span> 
     </span>
     <span class='ocr_line' id='line_1_10' title="bbox 64 821 1485 879; baseline -0.001 -17"><span class='ocrx_word' id='word_1_69' title='bbox 64 823 260 872; x_wconf 86' lang='lat' dir='ltr'>cluditur,</span> <span class='ocrx_word' id='word_1_70' title='bbox 290 823 377 864; x_wconf 89' lang='lat' dir='ltr'><strong>imo</strong></span> <span class='ocrx_word' id='word_1_71' title='bbox 409 822 552 878; x_wconf 85' lang='lat' dir='ltr'><strong>potius</strong></span> <span class='ocrx_word' id='word_1_72' title='bbox 596 824 699 864; x_wconf 86' lang='lat' dir='ltr'><strong>haec</strong></span> <span class='ocrx_word' id='word_1_73' title='bbox 742 835 852 865; x_wconf 83' lang='lat' dir='ltr'><strong>casta</strong></span> <span class='ocrx_word' id='word_1_74' title='bbox 881 823 1105 879; x_wconf 80' lang='lat' dir='ltr'><strong>progenies</strong></span> <span class='ocrx_word' id='word_1_75' title='bbox 1134 834 1325 863; x_wconf 83' lang='lat' dir='ltr'><strong>maturae</strong></span> <span class='ocrx_word' id='word_1_76' title='bbox 1363 821 1485 863; x_wconf 78' lang='lat' dir='ltr'><strong>aetati</strong></span> 
     </span>
     <span class='ocr_line' id='line_1_11' title="bbox 60 898 1487 955; baseline -0.002 -15"><span class='ocrx_word' id='word_1_77' title='bbox 60 901 159 955; x_wconf 88' lang='lat' dir='ltr'><strong>plus</strong></span> <span class='ocrx_word' id='word_1_78' title='bbox 192 898 401 941; x_wconf 89' lang='lat' dir='ltr'><strong>convenit.</strong></span> <span class='ocrx_word' id='word_1_79' title='bbox 462 899 583 941; x_wconf 80' lang='lat' dir='ltr'><strong>Sicut</strong></span> <span class='ocrx_word' id='word_1_80' title='bbox 624 911 664 941; x_wconf 91' lang='lat' dir='ltr'><strong>et</strong></span> <span class='ocrx_word' id='word_1_81' title='bbox 702 917 818 941; x_wconf 88' lang='lat' dir='ltr'><strong>nunc</strong></span> <span class='ocrx_word' id='word_1_82' title='bbox 848 901 1066 941; x_wconf 84' lang='lat' dir='ltr'><strong>Abraham</strong></span> <span class='ocrx_word' id='word_1_83' title='bbox 1106 900 1387 952; x_wconf 81' lang='lat' dir='ltr'><strong>grandaevus,</strong></span> <span class='ocrx_word' id='word_1_84' title='bbox 1434 909 1487 946; x_wconf 86' lang='lat' dir='ltr'><strong>ct,</strong></span> 
     </span>
     <span class='ocr_line' id='line_1_12' title="bbox 62 975 1484 1033; baseline -0.001 -16"><span class='ocrx_word' id='word_1_85' title='bbox 62 989 109 1018; x_wconf 87' lang='lat' dir='ltr'><strong>ut</strong></span> <span class='ocrx_word' id='word_1_86' title='bbox 148 977 366 1033; x_wconf 82' lang='lat' dir='ltr'><strong>Scriptura</strong></span> <span class='ocrx_word' id='word_1_87' title='bbox 408 976 528 1026; x_wconf 85' lang='lat' dir='ltr'><strong>dicit,</strong></span> <span class='ocrx_word' id='word_1_88' title='bbox 558 976 766 1030; x_wconf 78' lang='lat' dir='ltr'><strong>senex,³)</strong></span> <span class='ocrx_word' id='word_1_89' title='bbox 806 988 845 1018; x_wconf 84' lang='lat' dir='ltr'><strong>et</strong></span> <span class='ocrx_word' id='word_1_90' title='bbox 882 978 1034 1032; x_wconf 91' lang='lat' dir='ltr'><strong>plenus</strong></span> <span class='ocrx_word' id='word_1_91' title='bbox 1074 977 1239 1018; x_wconf 87' lang='lat' dir='ltr'><strong>dierum</strong></span> <span class='ocrx_word' id='word_1_92' title='bbox 1282 975 1484 1016; x_wconf 84' lang='lat' dir='ltr'><strong>Ceturam</strong></span> 
     </span>
     <span class='ocr_line' id='line_1_13' title="bbox 62 1053 1482 1109; baseline -0.001 -15"><span class='ocrx_word' id='word_1_93' title='bbox 62 1053 179 1095; x_wconf 89' lang='lat' dir='ltr'><strong>ducit</strong></span> <span class='ocrx_word' id='word_1_94' title='bbox 206 1070 397 1095; x_wconf 85' lang='lat' dir='ltr'><strong>uxorem.</strong></span> <span class='ocrx_word' id='word_1_95' title='bbox 469 1054 556 1094; x_wconf 88' lang='lat' dir='ltr'><strong>Sed</strong></span> <span class='ocrx_word' id='word_1_96' title='bbox 597 1070 653 1094; x_wconf 91' lang='lat' dir='ltr'><strong>ne</strong></span> <span class='ocrx_word' id='word_1_97' title='bbox 682 1053 766 1093; x_wconf 88' lang='lat' dir='ltr'><strong>hoc</strong></span> <span class='ocrx_word' id='word_1_98' title='bbox 798 1053 969 1109; x_wconf 90' lang='lat' dir='ltr'><strong>quidem</strong></span> <span class='ocrx_word' id='word_1_99' title='bbox 1000 1055 1130 1094; x_wconf 88' lang='lat' dir='ltr'><strong>latere</strong></span> <span class='ocrx_word' id='word_1_100' title='bbox 1168 1069 1247 1095; x_wconf 92' lang='lat' dir='ltr'><strong>nos</strong></span> <span class='ocrx_word' id='word_1_101' title='bbox 1279 1054 1405 1094; x_wconf 85' lang='lat' dir='ltr'><strong>debet</strong></span> <span class='ocrx_word' id='word_1_102' title='bbox 1435 1069 1482 1093; x_wconf 83' lang='lat' dir='ltr'><strong>ex</strong></span> 
     </span>
     <span class='ocr_line' id='line_1_14' title="bbox 60 1129 1482 1186; baseline -0.001 -15"><span class='ocrx_word' id='word_1_103' title='bbox 60 1130 134 1181; x_wconf 83' lang='lat' dir='ltr'><strong>his,</strong></span> <span class='ocrx_word' id='word_1_104' title='bbox 166 1147 273 1186; x_wconf 86' lang='lat' dir='ltr'><strong>quae</strong></span> <span class='ocrx_word' id='word_1_105' title='bbox 302 1147 379 1186; x_wconf 87' lang='lat' dir='ltr'><strong>per</strong></span> <span class='ocrx_word' id='word_1_106' title='bbox 419 1130 638 1172; x_wconf 77' lang='lat' dir='ltr'><strong>historiam</strong></span> <span class='ocrx_word' id='word_1_107' title='bbox 679 1131 945 1181; x_wconf 83' lang='lat' dir='ltr'><strong>referuntur,</strong></span> <span class='ocrx_word' id='word_1_108' title='bbox 989 1147 1097 1186; x_wconf 86' lang='lat' dir='ltr'><strong>quae</strong></span> <span class='ocrx_word' id='word_1_109' title='bbox 1142 1142 1181 1171; x_wconf 90' lang='lat' dir='ltr'><strong>et</strong></span> <span class='ocrx_word' id='word_1_110' title='bbox 1226 1131 1370 1186; x_wconf 80' lang='lat' dir='ltr'><strong>quales</strong></span> <span class='ocrx_word' id='word_1_111' title='bbox 1399 1129 1482 1171; x_wconf 89' lang='lat' dir='ltr'><strong>sint</strong></span> 
     </span>
     <span class='ocr_line' id='line_1_15' title="bbox 59 1206 1477 1263; baseline 0 -15"><span class='ocrx_word' id='word_1_112' title='bbox 59 1206 363 1259; x_wconf 72' lang='lat' dir='ltr'><strong>generationes,</strong></span> <span class='ocrx_word' id='word_1_113' title='bbox 397 1224 505 1263; x_wconf 88' lang='lat' dir='ltr'><strong>quae</strong></span> <span class='ocrx_word' id='word_1_114' title='bbox 536 1224 582 1248; x_wconf 87' lang='lat' dir='ltr'><strong>ex</strong></span> <span class='ocrx_word' id='word_1_115' title='bbox 611 1206 702 1262; x_wconf 74' lang='lat' dir='ltr'><strong>ipsa</strong></span> <span class='ocrx_word' id='word_1_116' title='bbox 734 1218 1039 1263; x_wconf 82' lang='lat' dir='ltr'><strong>propagantur.</strong></span> <span class='ocrx_word' id='word_1_117' title='bbox 1101 1206 1156 1248; x_wconf 74' lang='lat' dir='ltr'><strong>Si&#39;</strong></span> <span class='ocrx_word' id='word_1_118' title='bbox 1178 1207 1289 1248; x_wconf 87' lang='lat' dir='ltr'><strong>enim</strong></span> <span class='ocrx_word' id='word_1_119' title='bbox 1321 1208 1477 1248; x_wconf 84' lang='lat' dir='ltr'><strong>horum</strong></span> 
     </span>
     <span class='ocr_line' id='line_1_16' title="bbox 59 1282 1478 1339; baseline -0.001 -15"><span class='ocrx_word' id='word_1_120' title='bbox 59 1282 389 1333; x_wconf 83' lang='lat' dir='ltr'><strong>meminerimus,</strong></span> <span class='ocrx_word' id='word_1_121' title='bbox 420 1284 582 1326; x_wconf 81' lang='lat' dir='ltr'><strong>facilius</strong></span> <span class='ocrx_word' id='word_1_122' title='bbox 618 1285 671 1324; x_wconf 89' lang='lat' dir='ltr'><strong>de</strong></span> <span class='ocrx_word' id='word_1_123' title='bbox 702 1283 871 1326; x_wconf 86' lang='lat' dir='ltr'><strong>diversis</strong></span> <span class='ocrx_word' id='word_1_124' title='bbox 903 1284 1115 1337; x_wconf 85' lang='lat' dir='ltr'><strong>gentibus,</strong></span> <span class='ocrx_word' id='word_1_125' title='bbox 1151 1300 1259 1339; x_wconf 89' lang='lat' dir='ltr'><strong>quae</strong></span> <span class='ocrx_word' id='word_1_126' title='bbox 1287 1283 1331 1324; x_wconf 87' lang='lat' dir='ltr'><strong>in</strong></span> <span class='ocrx_word' id='word_1_127' title='bbox 1363 1283 1478 1325; x_wconf 73' lang='lat' dir='ltr'><strong>Scri‘-</strong></span> 
     </span>
     <span class='ocr_line' id='line_1_17' title="bbox 58 1359 1476 1416; baseline -0.001 -15"><span class='ocrx_word' id='word_1_128' title='bbox 58 1360 192 1416; x_wconf 86' lang='lat' dir='ltr'><strong>pturis</strong></span> <span class='ocrx_word' id='word_1_129' title='bbox 224 1359 434 1408; x_wconf 75' lang='lat' dir='ltr'><strong>dicuntur,</strong></span> <span class='ocrx_word' id='word_1_130' title='bbox 464 1359 697 1415; x_wconf 87' lang='lat' dir='ltr'><strong>poterimus</strong></span> <span class='ocrx_word' id='word_1_131' title='bbox 719 1376 968 1412; x_wconf 83' lang='lat' dir='ltr'><strong>agnoscere:</strong></span> <span class='ocrx_word' id='word_1_132' title='bbox 999 1360 1116 1402; x_wconf 90' lang='lat' dir='ltr'><strong>verbi</strong></span> <span class='ocrx_word' id='word_1_133' title='bbox 1138 1377 1273 1410; x_wconf 86' lang='lat' dir='ltr'><strong>causa,</strong></span> <span class='ocrx_word' id='word_1_134' title='bbox 1304 1372 1357 1401; x_wconf 77' lang='lat' dir='ltr'><strong>ut</strong></span> <span class='ocrx_word' id='word_1_135' title='bbox 1379 1377 1476 1401; x_wconf 88' lang='lat' dir='ltr'><strong>cum</strong></span> 
     </span>
     <span class='ocr_line' id='line_1_18' title="bbox 57 1435 1473 1494; baseline -0.001 -16"><span class='ocrx_word' id='word_1_136' title='bbox 57 1437 222 1486; x_wconf 85' lang='lat' dir='ltr'><strong>dicitur,</strong></span> <span class='ocrx_word' id='word_1_137' title='bbox 254 1438 371 1492; x_wconf 89' lang='lat' dir='ltr'><strong>quod</strong></span> <span class='ocrx_word' id='word_1_138' title='bbox 386 1435 431 1492; x_wconf 65' lang='grc'><strong>4)</strong></span> <span class='ocrx_word' id='word_1_139' title='bbox 453 1437 597 1479; x_wconf 63' lang='lat' dir='ltr'><strong>BIoses</strong></span> <span class='ocrx_word' id='word_1_140' title='bbox 628 1437 788 1494; x_wconf 87' lang='lat' dir='ltr'><strong>accepit</strong></span> <span class='ocrx_word' id='word_1_141' title='bbox 816 1454 992 1479; x_wconf 83' lang='lat' dir='ltr'><strong>uxorem</strong></span> <span class='ocrx_word' id='word_1_142' title='bbox 1013 1437 1144 1478; x_wconf 82' lang='lat' dir='ltr'><strong>filiam</strong></span> <span class='ocrx_word' id='word_1_143' title='bbox 1165 1438 1315 1478; x_wconf 77' lang='lat' dir='ltr'><strong>Jethro</strong></span> <span class='ocrx_word' id='word_1_144' title='bbox 1335 1453 1473 1478; x_wconf 83' lang='lat' dir='ltr'><strong>sacer-</strong></span> 
     </span>
     <span class='ocr_line' id='line_1_19' title="bbox 59 1513 1479 1569; baseline -0.001 -14"><span class='ocrx_word' id='word_1_145' title='bbox 59 1513 167 1555; x_wconf 88' lang='lat' dir='ltr'><strong>dotis</strong></span> <span class='ocrx_word' id='word_1_146' title='bbox 199 1513 396 1563; x_wconf 84' lang='lat' dir='ltr'><strong>Madian,</strong></span> <span class='ocrx_word' id='word_1_147' title='bbox 437 1513 509 1569; x_wconf 89' lang='lat' dir='ltr'><strong>qui</strong></span> <span class='ocrx_word' id='word_1_148' title='bbox 539 1513 714 1556; x_wconf 86' lang='lat' dir='ltr'><strong>Madian</strong></span> <span class='ocrx_word' id='word_1_149' title='bbox 755 1514 965 1556; x_wconf 84' lang='lat' dir='ltr'><strong>invenitur</strong></span> <span class='ocrx_word' id='word_1_150' title='bbox 994 1515 1103 1556; x_wconf 81' lang='lat' dir='ltr'><strong>filius</strong></span> <span class='ocrx_word' id='word_1_151' title='bbox 1140 1514 1265 1555; x_wconf 82' lang='lat' dir='ltr'><strong>fuisse</strong></span> <span class='ocrx_word' id='word_1_152' title='bbox 1297 1513 1479 1554; x_wconf 84' lang='lat' dir='ltr'><strong>Ceturae</strong></span> 
     </span>
     <span class='ocr_line' id='line_1_20' title="bbox 59 1590 1479 1646; baseline 0 -15"><span class='ocrx_word' id='word_1_153' title='bbox 59 1603 99 1632; x_wconf 90' lang='lat' dir='ltr'><strong>et</strong></span> <span class='ocrx_word' id='word_1_154' title='bbox 127 1591 356 1633; x_wconf 79' lang='lat' dir='ltr'><strong>Abraham.</strong></span> <span class='ocrx_word' id='word_1_155' title='bbox 415 1590 699 1642; x_wconf 82' lang='lat' dir='ltr'><strong>Agnoscimus</strong></span> <span class='ocrx_word' id='word_1_156' title='bbox 740 1608 864 1643; x_wconf 82' lang='lat' dir='ltr'><strong>ergo,</strong></span> <span class='ocrx_word' id='word_1_157' title='bbox 894 1591 1074 1646; x_wconf 77' lang='lat' dir='ltr'><strong>quod5)</strong></span> <span class='ocrx_word' id='word_1_158' title='bbox 1112 1609 1221 1632; x_wconf 80' lang='lat' dir='ltr'><strong>uxor</strong></span> <span class='ocrx_word' id='word_1_159' title='bbox 1257 1591 1389 1632; x_wconf 85' lang='lat' dir='ltr'><strong>Mosis</strong></span> <span class='ocrx_word' id='word_1_160' title='bbox 1431 1608 1479 1632; x_wconf 77' lang='lat' dir='ltr'><strong>ex</strong></span> 
     </span>
     <span class='ocr_line' id='line_1_21' title="bbox 58 1667 1482 1719; baseline 0 -10"><span class='ocrx_word' id='word_1_161' title='bbox 58 1667 214 1709; x_wconf 86' lang='lat' dir='ltr'><strong>semine</strong></span> <span class='ocrx_word' id='word_1_162' title='bbox 254 1668 472 1708; x_wconf 77' lang='lat' dir='ltr'><strong>Abraham</strong></span> <span class='ocrx_word' id='word_1_163' title='bbox 513 1667 587 1718; x_wconf 83' lang='lat' dir='ltr'><strong>sit,</strong></span> <span class='ocrx_word' id='word_1_164' title='bbox 634 1679 673 1708; x_wconf 88' lang='lat' dir='ltr'><strong>et</strong></span> <span class='ocrx_word' id='word_1_165' title='bbox 710 1684 801 1709; x_wconf 85' lang='lat' dir='ltr'><strong>non</strong></span> <span class='ocrx_word' id='word_1_166' title='bbox 838 1668 965 1709; x_wconf 81' lang='lat' dir='ltr'><strong>fuerit</strong></span> <span class='ocrx_word' id='word_1_167' title='bbox 1002 1667 1248 1719; x_wconf 85' lang='lat' dir='ltr'><strong>alienigena.</strong></span> <span class='ocrx_word' id='word_1_168' title='bbox 1312 1668 1399 1709; x_wconf 87' lang='lat' dir='ltr'><strong>Sed</strong></span> <span class='ocrx_word' id='word_1_169' title='bbox 1439 1680 1482 1709; x_wconf 61' lang='lat' dir='ltr'><strong>et&gt;</strong></span> 
     </span>
     <span class='ocr_line' id='line_1_22' title="bbox 57 1743 1474 1796; baseline -0.001 -11"><span class='ocrx_word' id='word_1_170' title='bbox 57 1761 151 1786; x_wconf 89' lang='lat' dir='ltr'><strong>cum</strong></span> <span class='ocrx_word' id='word_1_171' title='bbox 191 1743 389 1786; x_wconf 83' lang='lat' dir='ltr'><strong>scribitur</strong></span> <span class='ocrx_word' id='word_1_172' title='bbox 427 1743 570 1796; x_wconf 84' lang='lat' dir='ltr'><strong>regina</strong></span> <span class='ocrx_word' id='word_1_173' title='bbox 611 1743 771 1794; x_wconf 56' lang='lat' dir='ltr'><strong>Ceasar,</strong></span> <span class='ocrx_word' id='word_1_174' title='bbox 817 1744 1038 1786; x_wconf 88' lang='lat' dir='ltr'><strong>sciendum</strong></span> <span class='ocrx_word' id='word_1_175' title='bbox 1082 1743 1361 1786; x_wconf 86' lang='lat' dir='ltr'><strong>nihilominus</strong></span> <span class='ocrx_word' id='word_1_176' title='bbox 1402 1755 1474 1793; x_wconf 89' lang='lat' dir='ltr'><strong>est,</strong></span> 
     </span>
     <span class='ocr_line' id='line_1_23' title="bbox 57 1819 1478 1876; baseline 0 -15"><span class='ocrx_word' id='word_1_177' title='bbox 57 1823 173 1876; x_wconf 85' lang='lat' dir='ltr'><strong>quod</strong></span> <span class='ocrx_word' id='word_1_178' title='bbox 225 1833 264 1862; x_wconf 87' lang='lat' dir='ltr'><strong>et</strong></span> <span class='ocrx_word' id='word_1_179' title='bbox 303 1819 443 1862; x_wconf 84' lang='lat' dir='ltr'><strong>Cedar</strong></span> <span class='ocrx_word' id='word_1_180' title='bbox 484 1837 531 1862; x_wconf 85' lang='lat' dir='ltr'><strong>ex</strong></span> <span class='ocrx_word' id='word_1_181' title='bbox 581 1820 674 1876; x_wconf 86' lang='lat' dir='ltr'><strong>ipso</strong></span> <span class='ocrx_word' id='word_1_182' title='bbox 724 1836 874 1872; x_wconf 88' lang='lat' dir='ltr'><strong>genere</strong></span> <span class='ocrx_word' id='word_1_183' title='bbox 931 1821 1112 1862; x_wconf 83' lang='lat' dir='ltr'><strong>Ceturae</strong></span> <span class='ocrx_word' id='word_1_184' title='bbox 1162 1822 1387 1863; x_wconf 87' lang='lat' dir='ltr'><strong>descendat</strong></span> <span class='ocrx_word' id='word_1_185' title='bbox 1437 1834 1478 1862; x_wconf 83' lang='lat' dir='ltr'><strong>et</strong></span> 
     </span>
     <span class='ocr_line' id='line_1_24' title="bbox 55 1897 1470 1949; baseline 0.001 -11"><span class='ocrx_word' id='word_1_186' title='bbox 55 1898 280 1939; x_wconf 71' lang='lat' dir='ltr'><strong>Abraham.</strong></span> <span class='ocrx_word' id='word_1_187' title='bbox 339 1898 425 1939; x_wconf 85' lang='lat' dir='ltr'><strong>Sed</strong></span> <span class='ocrx_word' id='word_1_188' title='bbox 458 1897 568 1938; x_wconf 87' lang='lat' dir='ltr'><strong>etin</strong></span> <span class='ocrx_word' id='word_1_189' title='bbox 599 1897 940 1949; x_wconf 82' lang='lat' dir='ltr'><strong>generationibus</strong></span> <span class='ocrx_word' id='word_1_190' title='bbox 979 1899 1128 1940; x_wconf 83' lang='lat' dir='ltr'><strong>Ismael</strong></span> <span class='ocrx_word' id='word_1_191' title='bbox 1167 1897 1316 1938; x_wconf 78' lang='lat' dir='ltr'><strong>similia</strong></span> <span class='ocrx_word' id='word_1_192' title='bbox 1354 1898 1470 1939; x_wconf 89' lang='lat' dir='ltr'><strong>inve—</strong></span> 
     </span>
     <span class='ocr_line' id='line_1_25' title="bbox 55 1973 1474 2030; baseline 0 -14"><span class='ocrx_word' id='word_1_193' title='bbox 55 1974 156 2016; x_wconf 87' lang='lat' dir='ltr'><strong>nies.</strong></span> <span class='ocrx_word' id='word_1_194' title='bbox 216 1974 332 2028; x_wconf 86' lang='lat' dir='ltr'><strong>Quas</strong></span> <span class='ocrx_word' id='word_1_195' title='bbox 360 1974 394 2015; x_wconf 91' lang='lat' dir='ltr'><strong>si</strong></span> <span class='ocrx_word' id='word_1_196' title='bbox 426 1974 642 2025; x_wconf 81' lang='lat' dir='ltr'><strong>diligenter</strong></span> <span class='ocrx_word' id='word_1_197' title='bbox 670 1973 891 2024; x_wconf 83' lang='lat' dir='ltr'><strong>intuearis,</strong></span> <span class='ocrx_word' id='word_1_198' title='bbox 929 1975 1132 2030; x_wconf 84' lang='lat' dir='ltr'><strong>plurimas</strong></span> <span class='ocrx_word' id='word_1_199' title='bbox 1162 1975 1207 2015; x_wconf 88' lang='lat' dir='ltr'><strong>in</strong></span> <span class='ocrx_word' id='word_1_200' title='bbox 1239 1975 1323 2025; x_wconf 81' lang='lat' dir='ltr'><strong>his,</strong></span> <span class='ocrx_word' id='word_1_201' title='bbox 1366 1992 1474 2030; x_wconf 74' lang='lat' dir='ltr'><strong>quae</strong></span> 
     </span>
    </p>
   </div>
   <div class='ocr_carea' id='block_1_3' title="bbox 59 2047 1470 2106">
    <p class='ocr_par' dir='ltr' id='par_1_3' title="bbox 59 2047 1470 2106">
     <span class='ocr_line' id='line_1_26' title="bbox 59 2047 1470 2106; baseline 0 -14"><span class='ocrx_word' id='word_1_202' title='bbox 59 2063 219 2092; x_wconf 86' lang='lat' dir='ltr'><strong>ceteros</strong></span> <span class='ocrx_word' id='word_1_203' title='bbox 254 2047 402 2100; x_wconf 81' lang='lat' dir='ltr'><strong>latent,</strong></span> <span class='ocrx_word' id='word_1_204' title='bbox 443 2049 634 2091; x_wconf 84' lang='lat' dir='ltr'><strong>historias</strong></span> <span class='ocrx_word' id='word_1_205' title='bbox 676 2050 1040 2106; x_wconf 72' lang='lat' dir='ltr'><strong>deprehendes.⁶)</strong></span> <span class='ocrx_word' id='word_1_206' title='bbox 1099 2052 1185 2093; x_wconf 87' lang='lat' dir='ltr'><strong>Sed</strong></span> <span class='ocrx_word' id='word_1_207' title='bbox 1224 2064 1262 2093; x_wconf 88' lang='lat' dir='ltr'><strong>et</strong></span> <span class='ocrx_word' id='word_1_208' title='bbox 1298 2069 1377 2095; x_wconf 87' lang='lat' dir='ltr'><strong>nos</strong></span> <span class='ocrx_word' id='word_1_209' title='bbox 1406 2052 1470 2092; x_wconf 85' lang='lat' dir='ltr'><strong>in—</strong></span> 
     </span>
    </p>
   </div>
   <div class='ocr_carea' id='block_1_4' title="bbox 57 2258 1470 2372">
    <p class='ocr_par' dir='ltr' id='par_1_4' title="bbox 57 2258 1470 2372">
     <span class='ocr_line' id='line_1_27' title="bbox 176 2258 1470 2316; baseline -0.001 -15"><span class='ocrx_word' id='word_1_210' title='bbox 176 2259 217 2313; x_wconf 85' lang='lat'><strong>¹)</strong></span> <span class='ocrx_word' id='word_1_211' title='bbox 246 2261 377 2301; x_wconf 85' lang='lat' dir='ltr'><strong>Deest</strong></span> <span class='ocrx_word' id='word_1_212' title='bbox 407 2258 706 2308; x_wconf 84' lang='lat' dir='ltr'><strong>„disserendo“</strong></span> <span class='ocrx_word' id='word_1_213' title='bbox 728 2258 770 2300; x_wconf 89' lang='lat' dir='ltr'><strong>in</strong></span> <span class='ocrx_word' id='word_1_214' title='bbox 796 2271 916 2301; x_wconf 86' lang='lat' dir='ltr'><strong>antea</strong></span> <span class='ocrx_word' id='word_1_215' title='bbox 937 2260 1057 2302; x_wconf 85' lang='lat' dir='ltr'><strong>editis</strong></span> <span class='ocrx_word' id='word_1_216' title='bbox 1090 2260 1149 2316; x_wconf 81' lang='lat' dir='ltr'><strong>(v.</strong></span> <span class='ocrx_word' id='word_1_217' title='bbox 1182 2278 1215 2302; x_wconf 91' lang='lat' dir='ltr'><strong>c.</strong></span> <span class='ocrx_word' id='word_1_218' title='bbox 1248 2261 1344 2302; x_wconf 79' lang='lat' dir='ltr'><strong>edd.</strong></span> <span class='ocrx_word' id='word_1_219' title='bbox 1374 2260 1470 2315; x_wconf 65' lang='grc' dir='ltr'><strong>Μ),</strong></span> 
     </span>
     <span class='ocr_line' id='line_1_28' title="bbox 57 2315 648 2372; baseline -0.003 -15"><span class='ocrx_word' id='word_1_220' title='bbox 57 2317 129 2357; x_wconf 87' lang='lat' dir='ltr'><strong>sed</strong></span> <span class='ocrx_word' id='word_1_221' title='bbox 155 2315 364 2372; x_wconf 86' lang='lat' dir='ltr'><strong>reperitur</strong></span> <span class='ocrx_word' id='word_1_222' title='bbox 392 2315 435 2356; x_wconf 90' lang='lat' dir='ltr'><strong>in</strong></span> <span class='ocrx_word' id='word_1_223' title='bbox 465 2316 567 2357; x_wconf 87' lang='lat' dir='ltr'><strong>Mss.</strong></span> <span class='ocrx_word' id='word_1_224' title='bbox 599 2315 648 2355; x_wconf 85' lang='lat' dir='ltr'><strong>R.</strong></span> 
     </span>
    </p>
   </div>
   <div class='ocr_carea' id='block_1_5' title="bbox 62 2383 1471 2541">
    <p class='ocr_par' dir='ltr' id='par_1_5' title="bbox 62 2383 1471 2541">
     <span class='ocr_line' id='line_1_29' title="bbox 173 2383 1471 2443; baseline 0.001 -19"><span class='ocrx_word' id='word_1_225' title='bbox 173 2383 219 2439; x_wconf 74' lang='grc'><strong>2)</strong></span> <span class='ocrx_word' id='word_1_226' title='bbox 251 2384 363 2425; x_wconf 86' lang='lat' dir='ltr'><strong>Editi</strong></span> <span class='ocrx_word' id='word_1_227' title='bbox 394 2383 452 2439; x_wconf 82' lang='lat' dir='ltr'><strong>(e.</strong></span> <span class='ocrx_word' id='word_1_228' title='bbox 486 2403 518 2427; x_wconf 87' lang='lat' dir='ltr'><strong>c.</strong></span> <span class='ocrx_word' id='word_1_229' title='bbox 550 2386 646 2426; x_wconf 78' lang='lat' dir='ltr'><strong>edd.</strong></span> <span class='ocrx_word' id='word_1_230' title='bbox 677 2384 784 2440; x_wconf 79' lang='grc' dir='ltr'>Μ.);</span> <span class='ocrx_word' id='word_1_231' title='bbox 814 2399 1096 2443; x_wconf 76' lang='lat' dir='ltr'><strong>„superantes¹</strong></span> <span class='ocrx_word' id='word_1_232' title='bbox 1127 2387 1178 2426; x_wconf 84' lang='lat' dir='ltr'><strong>ad</strong></span> <span class='ocrx_word' id='word_1_233' title='bbox 1210 2402 1348 2427; x_wconf 80' lang='lat' dir='ltr'><strong>veram</strong></span> <span class='ocrx_word' id='word_1_234' title='bbox 1376 2384 1471 2440; x_wconf 82' lang='lat' dir='ltr'><strong>phi-</strong></span> 
     </span>
     <span class='ocr_line' id='line_1_30' title="bbox 62 2440 1471 2498; baseline 0.001 -18"><span class='ocrx_word' id='word_1_235' title='bbox 62 2441 299 2495; x_wconf 83' lang='lat' dir='ltr'><strong>losophiam</strong></span> <span class='ocrx_word' id='word_1_236' title='bbox 335 2440 500 2490; x_wconf 85' lang='lat' dir='ltr'><strong>Christi,</strong></span> <span class='ocrx_word' id='word_1_237' title='bbox 544 2453 584 2481; x_wconf 87' lang='lat' dir='ltr'><strong>ct</strong></span> <span class='ocrx_word' id='word_1_238' title='bbox 613 2459 752 2482; x_wconf 81' lang='lat' dir='ltr'><strong>veram</strong></span> <span class='ocrx_word' id='word_1_239' title='bbox 785 2443 1026 2485; x_wconf 85' lang='lat' dir='ltr'><strong>societatem</strong></span> <span class='ocrx_word' id='word_1_240' title='bbox 1059 2442 1234 2491; x_wconf 72' lang='lat' dir='ltr'><strong>Christi,</strong></span> <span class='ocrx_word' id='word_1_241' title='bbox 1274 2442 1471 2498; x_wconf 84' lang='lat' dir='ltr'><strong>pietatem</strong></span> 
     </span>
     <span class='ocr_line' id='line_1_31' title="bbox 62 2496 1082 2541; baseline 0.004 -6"><span class='ocrx_word' id='word_1_242' title='bbox 62 2496 169 2538; x_wconf 78' lang='lat' dir='ltr'><strong>Dei“</strong></span> <span class='ocrx_word' id='word_1_243' title='bbox 201 2508 274 2538; x_wconf 89' lang='lat' dir='ltr'><strong>etc.</strong></span> <span class='ocrx_word' id='word_1_244' title='bbox 333 2499 387 2536; x_wconf 86' lang='lat' dir='ltr'><strong>At</strong></span> <span class='ocrx_word' id='word_1_245' title='bbox 418 2497 517 2538; x_wconf 85' lang='lat' dir='ltr'><strong>Mss.</strong></span> <span class='ocrx_word' id='word_1_246' title='bbox 550 2510 594 2538; x_wconf 91' lang='lat' dir='ltr'><strong>ut</strong></span> <span class='ocrx_word' id='word_1_247' title='bbox 623 2498 667 2538; x_wconf 87' lang='lat' dir='ltr'><strong>in</strong></span> <span class='ocrx_word' id='word_1_248' title='bbox 698 2511 842 2540; x_wconf 89' lang='lat' dir='ltr'><strong>nostro</strong></span> <span class='ocrx_word' id='word_1_249' title='bbox 875 2512 1000 2541; x_wconf 79' lang='lat' dir='ltr'><strong>textu.</strong></span> <span class='ocrx_word' id='word_1_250' title='bbox 1032 2500 1082 2539; x_wconf 84' lang='lat' dir='ltr'><strong>R.</strong></span> 
     </span>
    </p>
   </div>
   <div class='ocr_carea' id='block_1_6' title="bbox 69 2565 1471 2889">
    <p class='ocr_par' dir='ltr' id='par_1_6' title="bbox 173 2565 1144 2619">
     <span class='ocr_line' id='line_1_32' title="bbox 173 2565 1144 2619; baseline 0.003 -13"><span class='ocrx_word' id='word_1_251' title='bbox 173 2567 219 2619; x_wconf 81' lang='lat'><strong>3)</strong></span> <span class='ocrx_word' id='word_1_252' title='bbox 254 2567 339 2607; x_wconf 83' lang='lat' dir='ltr'><strong>Cfr.</strong></span> <span class='ocrx_word' id='word_1_253' title='bbox 373 2565 523 2608; x_wconf 86' lang='lat' dir='ltr'><strong>Genes.</strong></span> <span class='ocrx_word' id='word_1_254' title='bbox 554 2568 711 2618; x_wconf 82' lang='lat' dir='ltr'>XXIV,</span> <span class='ocrx_word' id='word_1_255' title='bbox 740 2571 778 2610; x_wconf 85' lang='lat'><strong>1.</strong></span> <span class='ocrx_word' id='word_1_256' title='bbox 810 2571 905 2610; x_wconf 81' lang='lat' dir='ltr'><strong>coll.</strong></span> <span class='ocrx_word' id='word_1_257' title='bbox 935 2571 1074 2619; x_wconf 82' lang='lat' dir='ltr'>XXV,</span> <span class='ocrx_word' id='word_1_258' title='bbox 1105 2569 1144 2609; x_wconf 85' lang='lat'><strong>1.</strong></span> 
     </span>
    </p>

    <p class='ocr_par' dir='ltr' id='par_1_7' title="bbox 175 2634 1278 2692">
     <span class='ocr_line' id='line_1_33' title="bbox 175 2634 1278 2692; baseline 0.006 -19"><span class='ocrx_word' id='word_1_259' title='bbox 175 2634 220 2688; x_wconf 75' lang='lat'><strong>⁴)</strong></span> <span class='ocrx_word' id='word_1_260' title='bbox 251 2636 360 2676; x_wconf 84' lang='lat' dir='ltr'><strong>Edd.</strong></span> <span class='ocrx_word' id='word_1_261' title='bbox 391 2635 587 2677; x_wconf 80' lang='lat' dir='ltr'><strong>Merlini:</strong></span> <span class='ocrx_word' id='word_1_262' title='bbox 619 2637 728 2692; x_wconf 86' lang='lat' dir='ltr'><strong>quia.</strong></span> <span class='ocrx_word' id='word_1_263' title='bbox 757 2663 811 2671; x_wconf 94' lang='lat'>—</span> <span class='ocrx_word' id='word_1_264' title='bbox 844 2637 931 2682; x_wconf 85' lang='lat' dir='ltr'><strong>Csr.</strong></span> <span class='ocrx_word' id='word_1_265' title='bbox 960 2639 1096 2681; x_wconf 78' lang='lat' dir='ltr'><strong>Exod·</strong></span> <span class='ocrx_word' id='word_1_266' title='bbox 1126 2639 1180 2689; x_wconf 83' lang='lat' dir='ltr'><strong>ll,</strong></span> <span class='ocrx_word' id='word_1_267' title='bbox 1211 2640 1278 2680; x_wconf 77' lang='lat'><strong>21·</strong></span> 
     </span>
    </p>

    <p class='ocr_par' dir='ltr' id='par_1_8' title="bbox 179 2704 729 2761">
     <span class='ocr_line' id='line_1_34' title="bbox 179 2704 729 2761; baseline 0.005 -17"><span class='ocrx_word' id='word_1_268' title='bbox 179 2704 224 2758; x_wconf 77' lang='lat'><strong>⁵)</strong></span> <span class='ocrx_word' id='word_1_269' title='bbox 254 2704 365 2746; x_wconf 86' lang='lat' dir='ltr'><strong>Edd.</strong></span> <span class='ocrx_word' id='word_1_270' title='bbox 394 2706 585 2746; x_wconf 68' lang='lat' dir='ltr'><strong>Men-lini:</strong></span> <span class='ocrx_word' id='word_1_271' title='bbox 621 2705 729 2761; x_wconf 86' lang='lat' dir='ltr'><strong>quia.</strong></span> 
     </span>
    </p>

    <p class='ocr_par' dir='ltr' id='par_1_9' title="bbox 69 2772 1471 2889">
     <span class='ocr_line' id='line_1_35' title="bbox 180 2772 1471 2833; baseline 0.003 -19"><span class='ocrx_word' id='word_1_272' title='bbox 180 2772 225 2826; x_wconf 71' lang='grc' dir='ltr'><strong>ὅ)</strong></span> <span class='ocrx_word' id='word_1_273' title='bbox 257 2772 327 2814; x_wconf 88' lang='lat' dir='ltr'><strong>Sic</strong></span> <span class='ocrx_word' id='word_1_274' title='bbox 356 2774 454 2815; x_wconf 81' lang='lat' dir='ltr'><strong>Mss.</strong></span> <span class='ocrx_word' id='word_1_275' title='bbox 512 2776 626 2817; x_wconf 86' lang='lat' dir='ltr'><strong>Alias</strong></span> <span class='ocrx_word' id='word_1_276' title='bbox 653 2776 713 2830; x_wconf 80' lang='lat' dir='ltr'><strong>(v.</strong></span> <span class='ocrx_word' id='word_1_277' title='bbox 747 2795 780 2822; x_wconf 85' lang='lat' dir='ltr'><strong>c.</strong></span> <span class='ocrx_word' id='word_1_278' title='bbox 812 2778 854 2818; x_wconf 91' lang='lat' dir='ltr'><strong>in</strong></span> <span class='ocrx_word' id='word_1_279' title='bbox 887 2778 980 2818; x_wconf 85' lang='lat' dir='ltr'><strong>cdd.</strong></span> <span class='ocrx_word' id='word_1_280' title='bbox 1003 2778 1106 2833; x_wconf 81' lang='grc' dir='ltr'>Μ.);</span> <span class='ocrx_word' id='word_1_281' title='bbox 1139 2776 1471 2831; x_wconf 48' lang='lat' dir='ltr'><strong>„deprehendam</strong></span> 
     </span>
     <span class='ocr_line' id='line_1_36' title="bbox 69 2828 1261 2889; baseline 0.002 -17"><span class='ocrx_word' id='word_1_282' title='bbox 69 2830 151 2872; x_wconf 87' lang='lat' dir='ltr'><strong>Sed</strong></span> <span class='ocrx_word' id='word_1_283' title='bbox 182 2854 223 2863; x_wconf 92' lang='lat'><em>-</em></span> <span class='ocrx_word' id='word_1_284' title='bbox 264 2829 309 2872; x_wconf 85' lang='lat' dir='ltr'><strong>iu</strong></span> <span class='ocrx_word' id='word_1_285' title='bbox 340 2828 454 2872; x_wconf 83' lang='lat' dir='ltr'><strong>aliud</strong></span> <span class='ocrx_word' id='word_1_286' title='bbox 486 2842 649 2888; x_wconf 86' lang='lat' dir='ltr'><strong>tempus</strong></span> <span class='ocrx_word' id='word_1_287' title='bbox 678 2833 1077 2889; x_wconf 72' lang='lat' dir='ltr'><strong>practe1·mittentes“</strong></span> <span class='ocrx_word' id='word_1_288' title='bbox 1107 2846 1180 2878; x_wconf 85' lang='lat' dir='ltr'><strong>etc.</strong></span> <span class='ocrx_word' id='word_1_289' title='bbox 1212 2834 1261 2875; x_wconf 81' lang='lat' dir='ltr'><strong>R.</strong></span> 
     </span>
    </p>
   </div>
  </div>
 </body>
</html>
