1764 3096
461 135 509 165 ns
541 121 743 164 Gizmzsm
775 121 976 165 HommA
995 121 1132 163 XVII.
1418 124 1501 167 295

192 236 231 279 9.
264 234 545 291 ‚‚Gratifici¹)
576 235 691 277 oculi
721 234 809 292 ejus
840 251 863 277 a
893 234 1007 284 vino,
1038 244 1078 274 et
1104 234 1250 275 dentes
1277 231 1363 290 ejus
1391 235 1500 276 laete

82 312 394 353 candidiores.“
468 312 618 363 Vides,
660 312 884 369 quomodo
930 310 1196 354 historialem
1235 310 1496 352 intellectum

78 405 174 441 erga
203 390 333 430 finem
362 390 592 446 praec1pue
623 401 826 445 amputat,
856 401 896 431 et
924 388 1145 431 abscindit.
1203 387 1250 430 Si
1279 387 1392 428 enim
1423 389 1499 428 ad-

76 466 161 507 huc
195 465 500 508 contentiosius
520 478 683 519 agentes
705 467 846 508 dicere
860 467 1048 516 velimus,
1078 465 1176 522 quia
1195 465 1371 517 gratifici
1399 476 1497 506 sunt

76 542 191 583 oculi
218 544 357 586 Judae
388 560 435 584 ex
463 544 587 593 vino,
629 560 710 598 pro
745 543 1028 594 abundantia,
1070 555 1116 584 ut
1143 558 1270 597 supra
1303 541 1495 591 diximus,

72 618 173 670 vini,
202 632 242 661 ct
265 619 526 662 abundantia
549 619 830 676 poculorum:
862 619 965 674 quid
997 622 1049 661 de
1079 618 1269 660 candidis
1300 618 1496 660 dentibus

73 698 454 752 respondebimus,
495 708 534 737 et
574 695 762 752 qualitati
792 696 909 736 lactis
938 696 1164 751 praelatis?
1222 696 1270 736 In
1301 712 1386 751 quo
1419 696 1495 736 ad-

69 788 237 815 versum
266 773 482 814 veritatem
512 773 784 828 impudenter
812 788 903 812 non
926 784 983 813 est
1008 775 1229 825 agendum,
1260 775 1331 815 sed
1363 772 1493 814 inter—

72 850 276 906 ruptione
302 849 603 902 intelligentiae
641 848 867 890 historialis
899 849 1052 890 exclusi
1084 851 1138 891 ad
1166 849 1392 907 spiritualis
1423 866 1491 890 ex-

67 926 292 982 positionis
322 924 518 967 ordinem
547 928 782 968 redeamus.
848 925 1154 982 ‚,Gratifici,²)
1186 927 1348 983 inquit,
1379 926 1491 968 oculi

65 1002 155 1061 ejus
185 1020 208 1044 a
236 1002 373 1046 vino.“
432 1002 637 1059 Superius
678 1004 961 1053 ostendimus,
1001 1004 1248 1060 Apostolica
1266 1003 1312 1058 3)
1343 1014 1488 1044 aucto-

65 1081 200 1131 ritate,
229 1082 424 1130 membra
457 1080 614 1121 Christi
658 1080 742 1122 dici
780 1080 931 1132 dignos
971 1096 1166 1136 quosque
1194 1080 1410 1128 fidelium,
1449 1090 1488 1120 et

68 1158 230 1200 diversa
258 1157 527 1210 singulariter
545 1158 738 1198 membra
754 1156 983 1207 nominari,
1011 1174 1094 1212 pro
1127 1173 1193 1206 eo,
1222 1157 1341 1212 quod
1360 1173 1489 1198 unus-

65 1233 243 1290 quisque
272 1234 391 1275 omni
422 1234 619 1275 ecclesiae
650 1235 826 1290 corpori
851 1234 1055 1289 dependit
1085 1233 1288 1275 officium.
1349 1233 1489 1274 Erunt

65 1311 177 1351 enim
207 1312 338 1367 pedes
370 1310 538 1361 Christi,
570 1310 642 1366 qui
672 1323 848 1352 currunt
877 1313 930 1352 ad
952 1310 1192 1353 faciendam
1221 1327 1385 1367 pacem,
1416 1309 1489 1366 qui

64 1398 247 1442 pergunt
277 1388 332 1428 ad
360 1388 699 1429 subveniendum
731 1387 806 1437 his,
839 1387 912 1444 qui
938 1389 983 1430 in
1013 1388 1257 1429 necessitate
1281 1400 1376 1429 sunt
1405 1404 1487 1443 po-

67 1463 145 1505 siti.
204 1463 344 1505 Erunt
375 1481 526 1506 manus
560 1464 729 1514 Clu-isti,
761 1481 869 1519 quae
899 1466 952 1506 ad
980 1464 1316 1506 misericordiam
1345 1476 1487 1506 exten-

65 1542 238 1591 duntur,
267 1558 375 1597 quae
405 1542 608 1583 auxilium
638 1541 924 1594 indigentibus
953 1545 1118 1591 ferunt,
1155 1558 1264 1597 quae
1291 1541 1485 1583 invalidis

63 1619 118 1659 ad
150 1619 459 1660 adminiculum
487 1619 775 1675 porriguntur.
848 1619 918 1660 Sic
950 1631 1073 1660 erunt
1102 1630 1142 1659 et
1171 1619 1287 1660 oculi
1317 1618 1486 1667 Christi,

65 1695 139 1750 qui
168 1696 366 1738 scientiae
395 1698 542 1738 lumen
572 1697 767 1737 universo
809 1697 982 1751 corpori
1019 1707 1256 1751 praestant:
1294 1695 1401 1737 sicut
1438 1695 1483 1736 in

61 1771 294 1825 Evangelio
329 1773 533 1830 scriptum
565 1785 641 1815 est:
671 1774 871 1823 „lucerna
885 1773 930 1828 ⁴)
972 1772 1166 1829 corporis
1197 1773 1258 1814 tui
1289 1783 1348 1813 est
1377 1788 1481 1812 ocu-

62 1851 127 1891 lus
163 1854 299 1892 tuus.“
377 1850 571 1892 Gratifici
613 1865 710 1901 ergo
765 1862 863 1892 sunt
904 1850 1019 1892 oculi
1057 1850 1144 1891 isti:
1185 1865 1325 1891 sermo
1368 1847 1479 1888 enim

62 1926 259 1968 scientiae
286 1929 373 1969 sale
402 1929 597 1969 conditus
629 1927 767 1981 est‚⁵)
812 1938 859 1966 ut
897 1928 968 1968 det
996 1927 1169 1978 gratiam
1202 1925 1483 1966 audientibus.

62 2005 165 2044 Non
195 2020 294 2057 ergo
324 2020 403 2059 per
433 2005 516 2044 hoc
548 2004 687 2045 solum
720 2004 929 2056 gratificus
960 2004 1125 2053 dicitur,
1157 2002 1255 2058 quia
1284 2001 1482 2045 scientiae

60 2097 303 2122 sermonem
334 2080 566 2130 ministrat,
597 2081 670 2122 sed
701 2082 819 2136 quod
851 2081 978 2122 habet
1008 2080 1050 2121 in
1080 2096 1136 2129 se,
1168 2080 1339 2131 gratiam
1371 2080 1479 2120 facit.

63 2157 166 2209 „His
182 2157 228 2214 ⁶)
260 2158 399 2206 enim,
443 2156 582 2213 inquit
623 2157 810 2213 sapiens,
859 2156 1009 2199 auditis
1045 2157 1210 2212 sapiens
1250 2155 1482 2211 sapientior

63 2236 182 2277 erit.“
240 2235 432 2277 Gratifici
451 2250 548 2287 ergo
578 2245 674 2276 sunt
704 2234 816 2275 oculi
848 2232 936 2290 ejus
967 2251 989 2275 a
1020 2233 1135 2283 vino,
1165 2234 1262 2289 quia
1284 2233 1389 2274 nihil
1423 2246 1480 2275 est

61 2326 262 2369 aquatum
292 2313 337 2354 in
366 2314 497 2354 verbo
528 2311 738 2361 scientiae,
769 2311 876 2353 nihil
904 2311 1102 2361 fluidum,
1132 2310 1238 2351 nihil
1267 2310 1479 2362 frigidum,

60 2392 134 2433 sed
165 2391 323 2441 vinum,
360 2390 478 2446 quod
509 2389 704 2431 laetificat
734 2405 810 2429 cor
846 2387 1044 2438 hominis,
1074 2400 1112 2429 et
1143 2389 1259 2444 quod
1290 2388 1480 2428 infundi-

64 2479 132 2510 tur
160 2467 405 2509 vulneribus
433 2465 619 2522 illius,⁷)
651 2466 722 2522 qui
751 2466 899 2508 incidit
929 2465 973 2507 in
1003 2467 1208 2507 latrones:
1251 2481 1336 2520 quo
1368 2464 1476 2507 scili-

182 2657 227 2711 ¹>
259 2655 409 2698 Genes.
439 2656 595 2704 XLIX,
626 2657 691 2698 12.

179 2727 226 2774 2)
259 2725 410 2768 Gencs.
439 2725 593 2774 XLIX,
626 2727 690 2768 12.
810 2726 855 2781 ³)
889 2726 903 2765 l
937 2724 1035 2766 Cor.
1068 2724 1138 2774 VI,
1172 2725 1234 2767 15.
1266 2741 1376 2780 seqq.

181 2795 228 2849 4)
257 2796 406 2837 Matth.
439 2796 510 2845 VI,
538 2798 603 2839 22.
727 2797 770 2851 ὂ)
804 2795 888 2837 Csr.
921 2796 1084 2839 Coloss.
1118 2796 1189 2845 IV,
1218 2796 1255 2838 6.

185 2865 230 2916 ⁵)
266 2866 391 2908 Prov,
424 2864 454 2916 Ι,
484 2867 521 2907 5.
641 2867 684 2921 ⁷)
720 2865 807 2907 Cfr.
839 2865 937 2906 Luc.
971 2865 1024 2915 X,
1053 2865 1119 2907 31.
