1764 3096
503 110 546 140 m
582 96 774 139 Gemzsm
801 95 1005 140 HOMILIA
1034 99 1084 138 II.
1416 102 1499 145 143

91 227 185 252 cum
217 208 409 251 trecentis
439 208 579 262 lingua
602 225 754 264 aquam
778 209 1066 251 lambentibus
1082 210 1337 252 Madianitas
1356 211 1399 266 ¹)
1427 230 1497 254 su-

88 299 218 343 perat.
277 285 441 328 Ostium
472 301 592 334 sane,
632 286 752 340 quod
790 302 879 327 non
919 303 940 328 a
979 287 1145 335 fronte,
1187 304 1266 328 nec
1304 289 1499 343 desuper,

89 365 162 405 sed
191 380 214 405 e
242 363 369 405 latere
399 377 444 402 ex
475 373 707 403 transverso
739 363 999 413 collocatur,
1042 363 1246 418 quoniam
1276 363 1364 405 irae
1393 364 1497 406 divi-

89 457 168 482 nae
198 452 360 495 tempus
392 449 472 479 est:
505 437 678 493 „dies²)
709 439 819 480 enim
853 439 1046 490 Domini,
1077 440 1165 481 dies
1195 441 1281 481 irae
1311 451 1351 481 et
1379 442 1499 482 suro—

89 517 181 567 ris,“
209 517 315 557 sicut
343 516 545 570 scriptum
578 527 657 556 est:
688 515 784 556 licet
816 517 926 557 enim
960 517 1180 559 videantur
1211 518 1340 573 aliqui
1366 519 1499 560 salva-

88 594 136 643 ri,
166 592 284 633 multi
300 604 477 648 dtamen,
516 608 624 648 quos
663 594 810 635 merita
850 611 922 635 sua
951 596 1206 651 reprobant,
1235 597 1429 636 delentur
1458 608 1498 637 ct

87 680 286 724 pereunt:
321 684 367 709 ex
398 680 630 710 transverso
665 670 816 711 ostium
847 670 1046 725 ponitur,
1087 683 1131 712 ut
1164 673 1269 713 illud
1299 674 1497 714 ostenda-

85 759 173 796 tur,
215 747 330 801 quod
361 761 438 800 per
465 747 721 802 prophetam
754 747 927 797 dicitur,
974 748 1070 803 quia
1102 749 1221 802 „si3)
1251 749 1496 792 incesseritis

82 839 250 864 mecum
280 823 477 878 perversi,
509 836 546 864 et
577 839 652 875 ego
682 825 877 865 incedam
912 816 1130 866 vobiscum
1161 826 1204 865 in
1236 826 1297 866 ira
1326 843 1496 881 perver-

82 903 166 941 sa.“
222 898 326 940 Post
355 900 459 942 haec
489 901 703 943 videamus
738 913 776 942 et
804 904 857 943 de
888 917 961 951 eo,
995 903 1111 956 quod
1143 901 1243 943 dicit
1269 905 1494 959 separatim

83 975 287 1017 inferiora
316 976 594 1028 bicamerata,
632 990 671 1019 et
707 980 925 1035 superiora
966 980 1254 1021 tricamerata:
1292 997 1349 1021 ne
1386 982 1498 1022 forte

83 1052 189 1093 illud
205 1051 250 1107 4)
279 1053 489 1095 indicetur
518 1071 595 1110 per
624 1054 750 1105 haec,
791 1057 910 1111 quod
952 1057 1182 1112 Apostolus
1226 1057 1348 1107 dixit,
1397 1058 1495 1113 quia

82 1130 152 1178 „in
171 1128 215 1185 ⁵)
245 1131 421 1172 nomine
450 1132 552 1174 Jesu
584 1149 713 1174 omne
744 1149 852 1185 genu
882 1135 1097 1185 flectetur,
1126 1135 1382 1184 coelestium,
1411 1147 1494 1176 ter-

82 1207 274 1249 restrium
309 1220 349 1249 et
376 1209 643 1250 infernorum
658 1216 693 1250 :“
735 1223 774 1252 et
811 1211 854 1252 in
886 1227 980 1252 arca
1015 1211 1274 1263 significetur
1302 1211 1496 1253 omnium

84 1285 256 1339 quidem
285 1284 488 1327 inferiora
516 1288 611 1342 ipsa
638 1303 744 1336 esse,
780 1304 887 1343 quae
928 1289 1160 1343 Apostolus
1190 1289 1290 1330 dicit
1315 1289 1497 1338 inferna,

84 1362 239 1402 horum
271 1373 411 1402 autem
442 1362 636 1415 contigua
666 1364 886 1419 superiora
926 1366 1016 1419 ipsa
1057 1380 1143 1405 esse
1174 1366 1396 1415 terrestria,
1423 1365 1497 1405 tri-

83 1450 292 1480 camerata
328 1454 428 1479 vero
469 1439 710 1494 superiora,
750 1457 859 1496 quae
902 1440 1024 1490 dicit,
1062 1441 1186 1483 simul
1229 1440 1373 1482 omnia
1413 1458 1499 1484 esse

83 1516 293 1564 coelestia,
320 1517 394 1557 sed
423 1515 467 1556 in
497 1515 558 1558 his
590 1533 739 1557 eorum
770 1517 921 1559 merita
960 1517 1179 1569 distingui,
1220 1518 1291 1573 qui
1319 1530 1497 1573 possunt

81 1594 315 1633 secundum
344 1594 602 1648 Apostolum
632 1593 813 1635 Paulum
853 1611 985 1650 usque
1023 1595 1076 1635 ad
1115 1596 1284 1636 tertium
1324 1597 1494 1636 coelum

82 1672 381 1711 conscendere.
438 1670 538 1711 Nidi
570 1687 667 1712 vero
700 1682 739 1712 et
767 1671 870 1721 nidi,
904 1672 1003 1727 quia
1031 1672 1154 1712 multi
1183 1684 1281 1713 sunt
1308 1670 1355 1712 in
1384 1688 1495 1722 arca,

81 1748 350 1790 multasresse
379 1749 495 1804 apud
524 1759 688 1803 patrem
718 1747 909 1789 indicant
938 1749 1188 1791 mansiones.
1233 1750 1302 1790 De
1331 1750 1493 1790 anima-

79 1825 191 1865 libus
219 1840 333 1874 vero,
364 1836 403 1866 et
430 1825 584 1875 bestiis,
615 1842 662 1866 ac
692 1825 932 1881 pecoribus,
966 1827 1198 1882 ceterisque
1221 1826 1389 1869 diversis
1404 1826 1496 1867 ani-

79 1900 306 1950 mantibus,
340 1918 448 1957 quae
476 1902 603 1945 nobis
632 1902 709 1943 alia
741 1903 876 1954 figura
904 1904 1110 1944 servanda
1141 1915 1221 1952 est,
1258 1903 1337 1944 nisi
1366 1920 1493 1958 quam

81 1979 146 2019 vel
175 1978 318 2020 Esaias
350 1979 545 2028 ostendit,
576 1997 671 2021 cum
704 1979 876 2035 dicit,⁶)
916 1981 961 2020 in
995 1996 1127 2032 regno
1161 1980 1314 2021 Christi
1341 1981 1493 2036 lupum

83 2071 178 2095 cum
209 2069 343 2106 agno,
371 2056 553 2110 pardum
587 2072 681 2096 cum
714 2056 879 2105 hoedo,
918 2057 1087 2098 leonem
1120 2068 1160 2097 et
1186 2058 1340 2098 bovem
1368 2057 1496 2099 simul

80 2130 143 2171 ire
172 2132 228 2172 ad
256 2147 434 2187 pascua,
474 2148 709 2188 eorumque
747 2135 883 2179 foetus
917 2133 1042 2175 simul
1072 2133 1202 2189 paleis
1230 2134 1352 2183 vesci,
1379 2134 1495 2175 insu-

79 2223 159 2263 per
189 2207 314 2249 etiam
341 2207 386 2249 in
418 2210 610 2265 aspidum
644 2225 833 2259 caverna,
862 2226 1041 2265 parvum
1069 2227 1266 2266 puerum,
1284 2235 1336 2243 —-
1365 2211 1493 2251 talem

18 2286 24 2288 ’
81 2283 170 2326 sine
215 2285 371 2335 dubio,
409 2287 576 2342 qualem
620 2286 787 2328 dicebat
826 2287 1042 2328 Salvator:
1090 2288 1255 2343 „nisi⁷)
1304 2287 1493 2329 conversi

201 2417 244 2472 1)
273 2419 333 2459 Ita
367 2418 505 2462 Codd.
538 2418 840 2462 Gemeticensis
880 2432 918 2462 et
959 2420 1353 2473 Sangermanensis,
1391 2414 1490 2461 libri

86 2483 223 2514 autem
254 2475 354 2516 editi
384 2475 443 2531 (e.
476 2493 508 2516 c.
541 2477 635 2517 cdd.
667 2476 752 2531 Μ.)
785 2476 983 2519 omittunt
1013 2478 1337 2528 „Madianitas.“
1366 2476 1416 2517 R.

199 2543 244 2597 ²)
276 2544 361 2585 Cfr.
393 2544 584 2600 Zephan.
615 2545 647 2596 I,
683 2548 748 2589 15.

201 2612 246 2667 ³)
275 2613 442 2656 Levitic.
471 2616 630 2665 XXVI,
658 2618 724 2659 27.
752 2617 820 2660 28.

201 2682 248 2735 ⁴²)
278 2682 407 2729 Deest
434 2686 594 2735 „illud“
624 2686 668 2727 in
701 2688 765 2728 ed.
796 2688 940 2729 Ruaei.

205 2750 248 2804 ⁵)
280 2751 464 2809 Philipp.
493 2755 545 2804 II,
574 2757 637 2798 10.

203 2822 246 2874 ὃ)
278 2821 397 2864 Jesai.
426 2823 500 2873 XI,
531 2824 570 2867 6.
602 2827 640 2867 7.
670 2827 704 2868 8.
867 2827 907 2869 7),
942 2827 1026 2867 Csr.
1061 2827 1192 2867 Manli
1241 2825 1394 2875 XVIll,
1424 2827 1463 2867 3.
