<?xml version="1.0" encoding="UTF-8"?>
<!DOCTYPE html PUBLIC "-//W3C//DTD XHTML 1.0 Transitional//EN"
    "http://www.w3.org/TR/xhtml1/DTD/xhtml1-transitional.dtd">
<html xmlns="http://www.w3.org/1999/xhtml" xml:lang="en" lang="en">
 <head>
  <title>
</title>
<meta http-equiv="Content-Type" content="text/html;charset=utf-8" />
  <meta name='ocr-system' content='tesseract 3.04.00' />
  <meta name='ocr-capabilities' content='ocr_page ocr_carea ocr_par ocr_line ocrx_word'/>
</head>
<body>
  <div class='ocr_page' id='page_1' title='image "./operaomniaquaegr08orig_0185.png"; bbox 0 0 1764 3096; ppageno 0'>
   <div class='ocr_carea' id='block_1_1' title="bbox 497 97 1494 151">
    <p class='ocr_par' dir='ltr' id='par_1_1' title="bbox 497 97 1494 151">
     <span class='ocr_line' id='line_1_1' title="bbox 497 97 1494 151; baseline -0.003 0"><span class='ocrx_word' id='word_1_1' title='bbox 497 97 553 151; x_wconf 54' lang='lat' dir='ltr'>n&lt;</span> <span class='ocrx_word' id='word_1_2' title='bbox 577 106 775 150; x_wconf 66' lang='lat' dir='ltr'>Gmmsm</span> <span class='ocrx_word' id='word_1_3' title='bbox 806 104 1005 147; x_wconf 59' lang='lat' dir='ltr'>Hortum</span> <span class='ocrx_word' id='word_1_4' title='bbox 1028 105 1077 147; x_wconf 92' lang='lat' dir='ltr'>V.</span> <span class='ocrx_word' id='word_1_5' title='bbox 1411 103 1494 149; x_wconf 83' lang='lat'>173</span> 
     </span>
    </p>
   </div>
   <div class='ocr_carea' id='block_1_2' title="bbox 64 214 1497 1507">
    <p class='ocr_par' dir='ltr' id='par_1_2' title="bbox 64 214 1494 881">
     <span class='ocr_line' id='line_1_2' title="bbox 78 214 1490 279; baseline -0.008 -12"><span class='ocrx_word' id='word_1_6' title='bbox 78 236 168 268; x_wconf 81' lang='lat' dir='ltr'>cata</span> <span class='ocrx_word' id='word_1_7' title='bbox 200 221 405 279; x_wconf 79' lang='lat' dir='ltr'>decoqui,</span> <span class='ocrx_word' id='word_1_8' title='bbox 445 232 485 262; x_wconf 88' lang='lat' dir='ltr'>et</span> <span class='ocrx_word' id='word_1_9' title='bbox 529 237 579 262; x_wconf 87' lang='lat' dir='ltr'>eo</span> <span class='ocrx_word' id='word_1_10' title='bbox 620 234 753 274; x_wconf 86' lang='lat' dir='ltr'>usque</span> <span class='ocrx_word' id='word_1_11' title='bbox 790 218 945 258; x_wconf 84' lang='lat' dir='ltr'>scelera</span> <span class='ocrx_word' id='word_1_12' title='bbox 974 214 1168 271; x_wconf 81' lang='lat' dir='ltr'>purgari,</span> <span class='ocrx_word' id='word_1_13' title='bbox 1206 225 1254 255; x_wconf 89' lang='lat' dir='ltr'>ut</span> <span class='ocrx_word' id='word_1_14' title='bbox 1284 214 1490 256; x_wconf 75' lang='lat' dir='ltr'>restitutio</span> 
     </span>
     <span class='ocr_line' id='line_1_3' title="bbox 64 290 1493 353; baseline -0.009 -9"><span class='ocrx_word' id='word_1_15' title='bbox 64 314 228 344; x_wconf 61' lang='lat' dir='ltr'>*eorum</span> <span class='ocrx_word' id='word_1_16' title='bbox 258 311 371 341; x_wconf 87' lang='lat' dir='ltr'>tanta</span> <span class='ocrx_word' id='word_1_17' title='bbox 400 298 468 348; x_wconf 87' lang='lat' dir='ltr'>sit,</span> <span class='ocrx_word' id='word_1_18' title='bbox 510 313 616 353; x_wconf 85' lang='lat' dir='ltr'>quae</span> <span class='ocrx_word' id='word_1_19' title='bbox 655 311 744 336; x_wconf 87' lang='lat' dir='ltr'>non</span> <span class='ocrx_word' id='word_1_20' title='bbox 778 295 918 335; x_wconf 89' lang='lat' dir='ltr'>solum</span> <span class='ocrx_word' id='word_1_21' title='bbox 949 305 1085 334; x_wconf 79' lang='lat' dir='ltr'>terrae</span> <span class='ocrx_word' id='word_1_22' title='bbox 1116 290 1315 348; x_wconf 78' lang='lat' dir='ltr'>Aegypti,</span> <span class='ocrx_word' id='word_1_23' title='bbox 1345 309 1493 332; x_wconf 79' lang='lat' dir='ltr'>verum</span> 
     </span>
     <span class='ocr_line' id='line_1_4' title="bbox 79 368 1492 430; baseline -0.008 -10"><span class='ocrx_word' id='word_1_24' title='bbox 79 379 203 420; x_wconf 83' lang='lat' dir='ltr'>etiam</span> <span class='ocrx_word' id='word_1_25' title='bbox 242 376 324 418; x_wconf 82' lang='lat' dir='ltr'>Dei</span> <span class='ocrx_word' id='word_1_26' title='bbox 363 373 558 430; x_wconf 76' lang='lat' dir='ltr'>paradiso</span> <span class='ocrx_word' id='word_1_27' title='bbox 601 383 881 427; x_wconf 79' lang='lat' dir='ltr'>comparetur.</span> <span class='ocrx_word' id='word_1_28' title='bbox 956 368 1182 423; x_wconf 79' lang='lat' dir='ltr'>Urgent¹)</span> <span class='ocrx_word' id='word_1_29' title='bbox 1219 380 1360 410; x_wconf 82' lang='lat' dir='ltr'>tamen</span> <span class='ocrx_word' id='word_1_30' title='bbox 1399 385 1492 418; x_wconf 89' lang='lat' dir='ltr'>nos,</span> 
     </span>
     <span class='ocr_line' id='line_1_5' title="bbox 79 445 1493 512; baseline -0.008 -15"><span class='ocrx_word' id='word_1_31' title='bbox 79 456 151 512; x_wconf 85' lang='lat' dir='ltr'>qni</span> <span class='ocrx_word' id='word_1_32' title='bbox 182 457 262 496; x_wconf 90' lang='lat' dir='ltr'>hoc</span> <span class='ocrx_word' id='word_1_33' title='bbox 293 452 546 493; x_wconf 78' lang='lat' dir='ltr'>confirmare</span> <span class='ocrx_word' id='word_1_34' title='bbox 576 450 738 498; x_wconf 82' lang='lat' dir='ltr'>volunt,</span> <span class='ocrx_word' id='word_1_35' title='bbox 771 464 817 489; x_wconf 79' lang='lat' dir='ltr'>ex</span> <span class='ocrx_word' id='word_1_36' title='bbox 850 464 898 488; x_wconf 86' lang='lat' dir='ltr'>eo</span> <span class='ocrx_word' id='word_1_37' title='bbox 918 446 1147 504; x_wconf 67' lang='lat' dir='ltr'>praecipue</span> <span class='ocrx_word' id='word_1_38' title='bbox 1177 462 1388 496; x_wconf 89' lang='lat' dir='ltr'>sermone,</span> <span class='ocrx_word' id='word_1_39' title='bbox 1420 445 1493 501; x_wconf 88' lang='lat' dir='ltr'>qui</span> 
     </span>
     <span class='ocr_line' id='line_1_6' title="bbox 78 521 1493 583; baseline -0.009 -8"><span class='ocrx_word' id='word_1_40' title='bbox 78 533 252 574; x_wconf 66' lang='lat' dir='ltr'>additus(</span> <span class='ocrx_word' id='word_1_41' title='bbox 276 528 373 570; x_wconf 81' lang='lat' dir='ltr'>huic</span> <span class='ocrx_word' id='word_1_42' title='bbox 403 525 720 583; x_wconf 75' lang='lat' dir='ltr'>repromissioni</span> <span class='ocrx_word' id='word_1_43' title='bbox 751 525 939 567; x_wconf 85' lang='lat' dir='ltr'>videtur:</span> <span class='ocrx_word' id='word_1_44' title='bbox 983 542 1072 565; x_wconf 91' lang='lat' dir='ltr'>non</span> <span class='ocrx_word' id='word_1_45' title='bbox 1105 523 1217 565; x_wconf 89' lang='lat' dir='ltr'>enim</span> <span class='ocrx_word' id='word_1_46' title='bbox 1249 522 1363 573; x_wconf 89' lang='lat' dir='ltr'>dixit,</span> <span class='ocrx_word' id='word_1_47' title='bbox 1395 521 1493 579; x_wconf 83' lang='lat' dir='ltr'>quia</span> 
     </span>
     <span class='ocr_line' id='line_1_7' title="bbox 77 599 1494 655; baseline -0.006 -6"><span class='ocrx_word' id='word_1_48' title='bbox 77 608 316 650; x_wconf 88' lang='lat' dir='ltr'>restituetur</span> <span class='ocrx_word' id='word_1_49' title='bbox 345 605 557 654; x_wconf 82' lang='lat' dir='ltr'>Sodoma,</span> <span class='ocrx_word' id='word_1_50' title='bbox 609 615 649 645; x_wconf 87' lang='lat' dir='ltr'>et</span> <span class='ocrx_word' id='word_1_51' title='bbox 687 602 879 654; x_wconf 78' lang='lat' dir='ltr'>cessavit3</span> <span class='ocrx_word' id='word_1_52' title='bbox 923 603 998 643; x_wconf 89' lang='lat' dir='ltr'>sed</span> <span class='ocrx_word' id='word_1_53' title='bbox 1038 601 1118 643; x_wconf 86' lang='lat' dir='ltr'>ait:</span> <span class='ocrx_word' id='word_1_54' title='bbox 1160 599 1430 651; x_wconf 81' lang='lat' dir='ltr'>„restituetur</span> <span class='ocrx_word' id='word_1_55' title='bbox 1446 600 1494 655; x_wconf 76' lang='grc'>2)</span> 
     </span>
     <span class='ocr_line' id='line_1_8' title="bbox 76 675 1492 737; baseline -0.005 -12"><span class='ocrx_word' id='word_1_56' title='bbox 76 686 265 728; x_wconf 78' lang='lat' dir='ltr'>Sodoma</span> <span class='ocrx_word' id='word_1_57' title='bbox 308 681 354 723; x_wconf 89' lang='lat' dir='ltr'>in</span> <span class='ocrx_word' id='word_1_58' title='bbox 403 682 671 737; x_wconf 85' lang='lat' dir='ltr'>antiquum.“</span> <span class='ocrx_word' id='word_1_59' title='bbox 757 680 812 720; x_wconf 84' lang='lat' dir='ltr'>Et</span> <span class='ocrx_word' id='word_1_60' title='bbox 860 690 1095 720; x_wconf 73' lang='lat' dir='ltr'>asseverant</span> <span class='ocrx_word' id='word_1_61' title='bbox 1139 678 1360 734; x_wconf 85' lang='lat' dir='ltr'>antiquum</span> <span class='ocrx_word' id='word_1_62' title='bbox 1402 675 1492 734; x_wconf 73' lang='lat' dir='ltr'>ejus</span> 
     </span>
     <span class='ocr_line' id='line_1_9' title="bbox 74 753 1492 815; baseline -0.005 -13"><span class='ocrx_word' id='word_1_63' title='bbox 74 773 228 805; x_wconf 88' lang='lat' dir='ltr'>statum</span> <span class='ocrx_word' id='word_1_64' title='bbox 269 775 358 800; x_wconf 89' lang='lat' dir='ltr'>non</span> <span class='ocrx_word' id='word_1_65' title='bbox 397 760 546 810; x_wconf 79' lang='lat' dir='ltr'>fuisse,</span> <span class='ocrx_word' id='word_1_66' title='bbox 586 770 633 800; x_wconf 86' lang='lat' dir='ltr'>ut</span> <span class='ocrx_word' id='word_1_67' title='bbox 671 770 827 799; x_wconf 85' lang='lat' dir='ltr'>terram</span> <span class='ocrx_word' id='word_1_68' title='bbox 865 755 1068 815; x_wconf 72' lang='lat' dir='ltr'>Aegypti,</span> <span class='ocrx_word' id='word_1_69' title='bbox 1122 756 1195 797; x_wconf 88' lang='lat' dir='ltr'>sed</span> <span class='ocrx_word' id='word_1_70' title='bbox 1235 767 1283 796; x_wconf 91' lang='lat' dir='ltr'>ut</span> <span class='ocrx_word' id='word_1_71' title='bbox 1321 753 1492 811; x_wconf 81' lang='lat' dir='ltr'>paradi-</span> 
     </span>
     <span class='ocr_line' id='line_1_10' title="bbox 72 837 291 881; baseline -0.018 0"><span class='ocrx_word' id='word_1_72' title='bbox 72 856 164 881; x_wconf 87' lang='lat' dir='ltr'>sum</span> <span class='ocrx_word' id='word_1_73' title='bbox 194 837 291 878; x_wconf 82' lang='lat' dir='ltr'>Dei.</span> 
     </span>
    </p>

    <p class='ocr_par' dir='ltr' id='par_1_3' title="bbox 70 908 1497 1507">
     <span class='ocr_line' id='line_1_11' title="bbox 182 908 1493 967; baseline -0.005 -10"><span class='ocrx_word' id='word_1_74' title='bbox 182 917 222 958; x_wconf 82' lang='lat'>2.</span> <span class='ocrx_word' id='word_1_75' title='bbox 255 914 341 956; x_wconf 80' lang='lat' dir='ltr'>Sed</span> <span class='ocrx_word' id='word_1_76' title='bbox 370 912 591 953; x_wconf 79' lang='lat' dir='ltr'>redeamus</span> <span class='ocrx_word' id='word_1_77' title='bbox 622 913 676 953; x_wconf 86' lang='lat' dir='ltr'>ad</span> <span class='ocrx_word' id='word_1_78' title='bbox 705 912 809 960; x_wconf 91' lang='lat' dir='ltr'>Lot,</span> <span class='ocrx_word' id='word_1_79' title='bbox 851 909 924 967; x_wconf 88' lang='lat' dir='ltr'>qui</span> <span class='ocrx_word' id='word_1_80' title='bbox 965 926 1062 952; x_wconf 89' lang='lat' dir='ltr'>cum</span> <span class='ocrx_word' id='word_1_81' title='bbox 1092 926 1225 951; x_wconf 80' lang='lat' dir='ltr'>uxore</span> <span class='ocrx_word' id='word_1_82' title='bbox 1257 921 1306 951; x_wconf 58' lang='lat' dir='ltr'>et‘</span> <span class='ocrx_word' id='word_1_83' title='bbox 1325 908 1493 951; x_wconf 76' lang='lat' dir='ltr'>filiabus</span> 
     </span>
     <span class='ocr_line' id='line_1_12' title="bbox 72 987 1494 1043; baseline -0.006 -9"><span class='ocrx_word' id='word_1_84' title='bbox 72 991 288 1034; x_wconf 84' lang='lat' dir='ltr'>interitum</span> <span class='ocrx_word' id='word_1_85' title='bbox 318 989 479 1042; x_wconf 80' lang='lat' dir='ltr'>fugiens</span> <span class='ocrx_word' id='word_1_86' title='bbox 511 988 828 1038; x_wconf 83' lang='lat' dir='ltr'>Sodomorum,</span> <span class='ocrx_word' id='word_1_87' title='bbox 876 999 1050 1043; x_wconf 86' lang='lat' dir='ltr'>accepto</span> <span class='ocrx_word' id='word_1_88' title='bbox 1090 989 1144 1028; x_wconf 85' lang='lat' dir='ltr'>ab</span> <span class='ocrx_word' id='word_1_89' title='bbox 1185 987 1342 1041; x_wconf 76' lang='lat' dir='ltr'>angelis</span> <span class='ocrx_word' id='word_1_90' title='bbox 1372 1004 1494 1028; x_wconf 83' lang='lat' dir='ltr'>man-</span> 
     </span>
     <span class='ocr_line' id='line_1_13' title="bbox 70 1064 1495 1122; baseline -0.005 -11"><span class='ocrx_word' id='word_1_91' title='bbox 70 1072 195 1119; x_wconf 83' lang='lat' dir='ltr'>dato,</span> <span class='ocrx_word' id='word_1_92' title='bbox 232 1086 286 1110; x_wconf 87' lang='lat' dir='ltr'>ne</span> <span class='ocrx_word' id='word_1_93' title='bbox 325 1070 557 1114; x_wconf 76' lang='lat' dir='ltr'>retrorsum</span> <span class='ocrx_word' id='word_1_94' title='bbox 598 1066 844 1122; x_wconf 79' lang='lat' dir='ltr'>respiceret,</span> <span class='ocrx_word' id='word_1_95' title='bbox 886 1067 1089 1106; x_wconf 87' lang='lat' dir='ltr'>tendebat</span> <span class='ocrx_word' id='word_1_96' title='bbox 1126 1064 1173 1107; x_wconf 81' lang='lat' dir='ltr'>in</span> <span class='ocrx_word' id='word_1_97' title='bbox 1204 1066 1350 1117; x_wconf 77' lang='lat' dir='ltr'>Segor.</span> <span class='ocrx_word' id='word_1_98' title='bbox 1407 1064 1495 1105; x_wconf 86' lang='lat' dir='ltr'>Sed</span> 
     </span>
     <span class='ocr_line' id='line_1_14' title="bbox 74 1141 1492 1203; baseline -0.004 -15"><span class='ocrx_word' id='word_1_99' title='bbox 74 1165 181 1188; x_wconf 87' lang='lat' dir='ltr'>uxor</span> <span class='ocrx_word' id='word_1_100' title='bbox 212 1145 299 1203; x_wconf 83' lang='lat' dir='ltr'>ejus</span> <span class='ocrx_word' id='word_1_101' title='bbox 329 1145 557 1186; x_wconf 88' lang='lat' dir='ltr'>immemor</span> <span class='ocrx_word' id='word_1_102' title='bbox 586 1145 634 1185; x_wconf 84' lang='lat' dir='ltr'>fit</span> <span class='ocrx_word' id='word_1_103' title='bbox 664 1144 899 1200; x_wconf 81' lang='lat' dir='ltr'>praecepti,</span> <span class='ocrx_word' id='word_1_104' title='bbox 932 1154 1166 1184; x_wconf 83' lang='lat' dir='ltr'>retrorsum</span> <span class='ocrx_word' id='word_1_105' title='bbox 1197 1141 1379 1198; x_wconf 81' lang='lat' dir='ltr'>respicit,</span> <span class='ocrx_word' id='word_1_106' title='bbox 1409 1141 1492 1182; x_wconf 87' lang='lat' dir='ltr'>im·-</span> 
     </span>
     <span class='ocr_line' id='line_1_15' title="bbox 73 1219 1492 1281; baseline -0.005 -16"><span class='ocrx_word' id='word_1_107' title='bbox 73 1224 256 1281; x_wconf 84' lang='lat' dir='ltr'>positam</span> <span class='ocrx_word' id='word_1_108' title='bbox 286 1223 422 1276; x_wconf 85' lang='lat' dir='ltr'>legem</span> <span class='ocrx_word' id='word_1_109' title='bbox 452 1221 632 1278; x_wconf 86' lang='lat' dir='ltr'>rumpit,</span> <span class='ocrx_word' id='word_1_110' title='bbox 680 1221 862 1262; x_wconf 76' lang='lat' dir='ltr'>efficitur</span> <span class='ocrx_word' id='word_1_111' title='bbox 901 1220 944 1261; x_wconf 88' lang='lat' dir='ltr'>in</span> <span class='ocrx_word' id='word_1_112' title='bbox 977 1232 1156 1261; x_wconf 86' lang='lat' dir='ltr'>statuam</span> <span class='ocrx_word' id='word_1_113' title='bbox 1186 1219 1294 1262; x_wconf 82' lang='lat' dir='ltr'>salis.</span> <span class='ocrx_word' id='word_1_114' title='bbox 1360 1219 1492 1260; x_wconf 77' lang='lat' dir='ltr'>Puta-</span> 
     </span>
     <span class='ocr_line' id='line_1_16' title="bbox 73 1295 1494 1352; baseline -0.006 -9"><span class='ocrx_word' id='word_1_115' title='bbox 73 1318 223 1342; x_wconf 88' lang='lat' dir='ltr'>musne</span> <span class='ocrx_word' id='word_1_116' title='bbox 242 1296 405 1342; x_wconf 76' lang='lat' dir='ltr'>tantuin</span> <span class='ocrx_word' id='word_1_117' title='bbox 423 1298 588 1340; x_wconf 87' lang='lat' dir='ltr'>sceleris</span> <span class='ocrx_word' id='word_1_118' title='bbox 614 1298 657 1338; x_wconf 90' lang='lat' dir='ltr'>in</span> <span class='ocrx_word' id='word_1_119' title='bbox 676 1299 756 1339; x_wconf 92' lang='lat' dir='ltr'>hoc</span> <span class='ocrx_word' id='word_1_120' title='bbox 778 1315 863 1340; x_wconf 88' lang='lat' dir='ltr'>esse</span> <span class='ocrx_word' id='word_1_121' title='bbox 886 1298 1126 1348; x_wconf 83' lang='lat' dir='ltr'>commisso,</span> <span class='ocrx_word' id='word_1_122' title='bbox 1141 1308 1200 1347; x_wconf 83' lang='lat' dir='ltr'>ut,</span> <span class='ocrx_word' id='word_1_123' title='bbox 1224 1295 1494 1352; x_wconf 56' lang='lat' dir='ltr'>quisposts‘)</span> 
     </span>
     <span class='ocr_line' id='line_1_17' title="bbox 75 1367 1493 1434; baseline -0.006 -13"><span class='ocrx_word' id='word_1_124' title='bbox 75 1396 118 1421; x_wconf 89' lang='lat' dir='ltr'>se</span> <span class='ocrx_word' id='word_1_125' title='bbox 149 1377 327 1434; x_wconf 83' lang='lat' dir='ltr'>respexit</span> <span class='ocrx_word' id='word_1_126' title='bbox 357 1376 530 1426; x_wconf 81' lang='lat' dir='ltr'>mulier,</span> <span class='ocrx_word' id='word_1_127' title='bbox 571 1375 810 1425; x_wconf 85' lang='lat' dir='ltr'>interitum,</span> <span class='ocrx_word' id='word_1_128' title='bbox 849 1392 977 1431; x_wconf 88' lang='lat' dir='ltr'>quem</span> <span class='ocrx_word' id='word_1_129' title='bbox 1017 1374 1159 1415; x_wconf 83' lang='lat' dir='ltr'>divino</span> <span class='ocrx_word' id='word_1_130' title='bbox 1191 1373 1400 1415; x_wconf 78' lang='lat' dir='ltr'>beneficio</span> <span class='ocrx_word' id='word_1_131' title='bbox 1423 1367 1493 1413; x_wconf 41' lang='lat' dir='ltr'>&#39;es-</span> 
     </span>
     <span class='ocr_line' id='line_1_18' title="bbox 73 1449 1497 1507; baseline -0.004 -11"><span class='ocrx_word' id='word_1_132' title='bbox 73 1456 217 1507; x_wconf 84' lang='lat' dir='ltr'>fugere</span> <span class='ocrx_word' id='word_1_133' title='bbox 249 1454 489 1503; x_wconf 76' lang='lat' dir='ltr'>videbatur,</span> <span class='ocrx_word' id='word_1_134' title='bbox 520 1452 784 1494; x_wconf 82' lang='lat' dir='ltr'>incurreret?</span> <span class='ocrx_word' id='word_1_135' title='bbox 849 1451 968 1506; x_wconf 84' lang='lat' dir='ltr'>Quid</span> <span class='ocrx_word' id='word_1_136' title='bbox 1007 1451 1120 1492; x_wconf 83' lang='lat' dir='ltr'>enim</span> <span class='ocrx_word' id='word_1_137' title='bbox 1158 1463 1324 1492; x_wconf 83' lang='lat' dir='ltr'>tantum</span> <span class='ocrx_word' id='word_1_138' title='bbox 1355 1449 1497 1492; x_wconf 84' lang='lat' dir='ltr'>crimi-</span> 
     </span>
    </p>
   </div>
   <div class='ocr_carea' id='block_1_3' title="bbox 72 1527 1496 1581">
    <p class='ocr_par' dir='ltr' id='par_1_4' title="bbox 72 1527 1496 1581">
     <span class='ocr_line' id='line_1_19' title="bbox 72 1527 1496 1581; baseline -0.003 -9"><span class='ocrx_word' id='word_1_139' title='bbox 72 1532 135 1574; x_wconf 86' lang='lat' dir='ltr'>nis</span> <span class='ocrx_word' id='word_1_140' title='bbox 167 1531 327 1581; x_wconf 83' lang='lat' dir='ltr'>habuit,</span> <span class='ocrx_word' id='word_1_141' title='bbox 359 1530 391 1571; x_wconf 87' lang='lat' dir='ltr'>si</span> <span class='ocrx_word' id='word_1_142' title='bbox 421 1529 600 1571; x_wconf 83' lang='lat' dir='ltr'>sollicita</span> <span class='ocrx_word' id='word_1_143' title='bbox 630 1528 817 1570; x_wconf 70' lang='lat' dir='ltr'>mulieris</span> <span class='ocrx_word' id='word_1_144' title='bbox 847 1545 967 1569; x_wconf 85' lang='lat' dir='ltr'>mens</span> <span class='ocrx_word' id='word_1_145' title='bbox 997 1540 1254 1578; x_wconf 88' lang='lat' dir='ltr'>retrorsum,</span> <span class='ocrx_word' id='word_1_146' title='bbox 1284 1530 1400 1569; x_wconf 87' lang='lat' dir='ltr'>unde</span> <span class='ocrx_word' id='word_1_147' title='bbox 1429 1527 1496 1568; x_wconf 88' lang='lat' dir='ltr'>ni-</span> 
     </span>
    </p>
   </div>
   <div class='ocr_carea' id='block_1_4' title="bbox 23 1604 1497 1662">
    <p class='ocr_par' dir='ltr' id='par_1_5' title="bbox 23 1604 1497 1662">
     <span class='ocr_line' id='line_1_20' title="bbox 23 1604 1497 1662; baseline -0.005 -11"><span class='ocrx_word' id='word_1_148' title='bbox 23 1620 29 1623; x_wconf 48' lang='lat'><em>*</em></span> <span class='ocrx_word' id='word_1_149' title='bbox 72 1611 161 1651; x_wconf 88' lang='lat' dir='ltr'>mio</span> <span class='ocrx_word' id='word_1_150' title='bbox 192 1610 460 1649; x_wconf 80' lang='lat' dir='ltr'>flammarum</span> <span class='ocrx_word' id='word_1_151' title='bbox 507 1606 667 1662; x_wconf 87' lang='lat' dir='ltr'>crepitu</span> <span class='ocrx_word' id='word_1_152' title='bbox 706 1607 964 1655; x_wconf 81' lang='lat' dir='ltr'>terrebatur,</span> <span class='ocrx_word' id='word_1_153' title='bbox 999 1605 1220 1660; x_wconf 80' lang='lat' dir='ltr'>adspexit?</span> <span class='ocrx_word' id='word_1_154' title='bbox 1279 1605 1365 1646; x_wconf 87' lang='lat' dir='ltr'>Sed</span> <span class='ocrx_word' id='word_1_155' title='bbox 1398 1604 1497 1660; x_wconf 75' lang='lat' dir='ltr'>quia</span> 
     </span>
    </p>
   </div>
   <div class='ocr_carea' id='block_1_5' title="bbox 45 1680 1499 2354">
    <p class='ocr_par' dir='ltr' id='par_1_6' title="bbox 45 1680 1499 2354">
     <span class='ocr_line' id='line_1_21' title="bbox 72 1680 1496 1742; baseline -0.004 -15"><span class='ocrx_word' id='word_1_156' title='bbox 72 1687 138 1727; x_wconf 81' lang='lat' dir='ltr'>lex</span> <span class='ocrx_word' id='word_1_157' title='bbox 168 1685 392 1742; x_wconf 84' lang='lat' dir='ltr'>spiritualis</span> <span class='ocrx_word' id='word_1_158' title='bbox 425 1695 497 1734; x_wconf 82' lang='lat' dir='ltr'>cst,</span> <span class='ocrx_word' id='word_1_159' title='bbox 530 1695 571 1725; x_wconf 79' lang='lat' dir='ltr'>et</span> <span class='ocrx_word' id='word_1_160' title='bbox 602 1699 709 1739; x_wconf 85' lang='lat' dir='ltr'>quae</span> <span class='ocrx_word' id='word_1_161' title='bbox 743 1682 1045 1736; x_wconf 82' lang='lat' dir='ltr'>contingebant</span> <span class='ocrx_word' id='word_1_162' title='bbox 1081 1681 1276 1737; x_wconf 82' lang='lat' dir='ltr'>antiquis,</span> <span class='ocrx_word' id='word_1_163' title='bbox 1306 1681 1351 1722; x_wconf 87' lang='lat' dir='ltr'>in</span> <span class='ocrx_word' id='word_1_164' title='bbox 1369 1680 1414 1736; x_wconf 76' lang='lat'>⁴²)</span> <span class='ocrx_word' id='word_1_165' title='bbox 1445 1682 1496 1722; x_wconf 78' lang='lat' dir='ltr'>fi-</span> 
     </span>
     <span class='ocr_line' id='line_1_22' title="bbox 74 1759 1497 1817; baseline -0.003 -13"><span class='ocrx_word' id='word_1_166' title='bbox 74 1780 176 1817; x_wconf 83' lang='lat' dir='ltr'>gura</span> <span class='ocrx_word' id='word_1_167' title='bbox 205 1762 286 1803; x_wconf 75' lang='lat' dir='ltr'>illis</span> <span class='ocrx_word' id='word_1_168' title='bbox 317 1761 639 1815; x_wconf 82' lang='lat' dir='ltr'>contingebant,</span> <span class='ocrx_word' id='word_1_169' title='bbox 672 1760 907 1810; x_wconf 76' lang='lat' dir='ltr'>videamus,</span> <span class='ocrx_word' id='word_1_170' title='bbox 942 1777 996 1801; x_wconf 86' lang='lat' dir='ltr'>ne</span> <span class='ocrx_word' id='word_1_171' title='bbox 1027 1761 1138 1801; x_wconf 89' lang='lat' dir='ltr'>forte</span> <span class='ocrx_word' id='word_1_172' title='bbox 1167 1760 1270 1809; x_wconf 88' lang='lat' dir='ltr'>Lot,</span> <span class='ocrx_word' id='word_1_173' title='bbox 1304 1759 1375 1816; x_wconf 90' lang='lat' dir='ltr'>qui</span> <span class='ocrx_word' id='word_1_174' title='bbox 1405 1776 1497 1800; x_wconf 90' lang='lat' dir='ltr'>non</span> 
     </span>
     <span class='ocr_line' id='line_1_23' title="bbox 75 1836 1497 1896; baseline -0.004 -15"><span class='ocrx_word' id='word_1_175' title='bbox 75 1839 253 1896; x_wconf 83' lang='lat' dir='ltr'>respexit</span> <span class='ocrx_word' id='word_1_176' title='bbox 281 1850 379 1895; x_wconf 88' lang='lat' dir='ltr'>post</span> <span class='ocrx_word' id='word_1_177' title='bbox 408 1855 472 1889; x_wconf 90' lang='lat' dir='ltr'>se,</span> <span class='ocrx_word' id='word_1_178' title='bbox 503 1837 848 1881; x_wconf 78' lang='lat' dir='ltr'>rationabilis-sit</span> <span class='ocrx_word' id='word_1_179' title='bbox 877 1854 1046 1889; x_wconf 87' lang='lat' dir='ltr'>sensus,</span> <span class='ocrx_word' id='word_1_180' title='bbox 1091 1850 1132 1879; x_wconf 91' lang='lat' dir='ltr'>et</span> <span class='ocrx_word' id='word_1_181' title='bbox 1162 1836 1327 1878; x_wconf 84' lang='lat' dir='ltr'>animus</span> <span class='ocrx_word' id='word_1_182' title='bbox 1357 1836 1497 1885; x_wconf 76' lang='lat' dir='ltr'>virilis,</span> 
     </span>
     <span class='ocr_line' id='line_1_24' title="bbox 74 1914 1498 1968; baseline -0.004 -10"><span class='ocrx_word' id='word_1_183' title='bbox 74 1935 180 1959; x_wconf 89' lang='lat' dir='ltr'>uxor</span> <span class='ocrx_word' id='word_1_184' title='bbox 209 1929 348 1958; x_wconf 88' lang='lat' dir='ltr'>autem</span> <span class='ocrx_word' id='word_1_185' title='bbox 380 1916 448 1957; x_wconf 84' lang='lat' dir='ltr'>hie</span> <span class='ocrx_word' id='word_1_186' title='bbox 481 1916 615 1958; x_wconf 85' lang='lat' dir='ltr'>carnis</span> <span class='ocrx_word' id='word_1_187' title='bbox 646 1915 872 1968; x_wconf 83' lang='lat' dir='ltr'>imaginem</span> <span class='ocrx_word' id='word_1_188' title='bbox 899 1916 1052 1958; x_wconf 85' lang='lat' dir='ltr'>teneat.</span> <span class='ocrx_word' id='word_1_189' title='bbox 1125 1915 1237 1957; x_wconf 81' lang='lat' dir='ltr'>Caro</span> <span class='ocrx_word' id='word_1_190' title='bbox 1281 1926 1340 1955; x_wconf 87' lang='lat' dir='ltr'>est</span> <span class='ocrx_word' id='word_1_191' title='bbox 1371 1914 1498 1962; x_wconf 83' lang='lat' dir='ltr'>enim,</span> 
     </span>
     <span class='ocr_line' id='line_1_25' title="bbox 46 1990 1499 2050; baseline -0.002 -15"><span class='ocrx_word' id='word_1_192' title='bbox 46 2009 50 2023; x_wconf 65' lang='lat'><strong>⁸</strong></span> <span class='ocrx_word' id='word_1_193' title='bbox 76 2011 183 2050; x_wconf 87' lang='lat' dir='ltr'>quae</span> <span class='ocrx_word' id='word_1_194' title='bbox 213 1993 381 2049; x_wconf 84' lang='lat' dir='ltr'>respicit</span> <span class='ocrx_word' id='word_1_195' title='bbox 409 2010 576 2048; x_wconf 86' lang='lat' dir='ltr'>semper</span> <span class='ocrx_word' id='word_1_196' title='bbox 607 1994 659 2033; x_wconf 82' lang='lat' dir='ltr'>ad</span> <span class='ocrx_word' id='word_1_197' title='bbox 691 1992 810 2041; x_wconf 79' lang='lat' dir='ltr'>vitia,</span> <span class='ocrx_word' id='word_1_198' title='bbox 857 2009 984 2049; x_wconf 86' lang='lat' dir='ltr'>quae,</span> <span class='ocrx_word' id='word_1_199' title='bbox 1030 2009 1127 2032; x_wconf 87' lang='lat' dir='ltr'>cum</span> <span class='ocrx_word' id='word_1_200' title='bbox 1166 1990 1332 2032; x_wconf 86' lang='lat' dir='ltr'>animus</span> <span class='ocrx_word' id='word_1_201' title='bbox 1363 1991 1499 2032; x_wconf 80' lang='lat' dir='ltr'>tendit</span> 
     </span>
     <span class='ocr_line' id='line_1_26' title="bbox 73 2068 1495 2125; baseline -0.002 -13"><span class='ocrx_word' id='word_1_202' title='bbox 73 2073 125 2112; x_wconf 83' lang='lat' dir='ltr'>ad</span> <span class='ocrx_word' id='word_1_203' title='bbox 158 2072 347 2120; x_wconf 88' lang='lat' dir='ltr'>salutem,</span> <span class='ocrx_word' id='word_1_204' title='bbox 380 2069 450 2110; x_wconf 86' lang='lat' dir='ltr'>illa</span> <span class='ocrx_word' id='word_1_205' title='bbox 482 2081 715 2109; x_wconf 85' lang='lat' dir='ltr'>retrorsum</span> <span class='ocrx_word' id='word_1_206' title='bbox 747 2069 936 2124; x_wconf 81' lang='lat' dir='ltr'>respicit,</span> <span class='ocrx_word' id='word_1_207' title='bbox 969 2080 1011 2110; x_wconf 82' lang='lat' dir='ltr'>et</span> <span class='ocrx_word' id='word_1_208' title='bbox 1037 2070 1274 2125; x_wconf 85' lang='lat' dir='ltr'>voluptates</span> <span class='ocrx_word' id='word_1_209' title='bbox 1306 2068 1495 2124; x_wconf 83' lang='lat' dir='ltr'>requirit.</span> 
     </span>
     <span class='ocr_line' id='line_1_27' title="bbox 71 2145 1496 2203; baseline -0.001 -15"><span class='ocrx_word' id='word_1_210' title='bbox 71 2148 178 2189; x_wconf 81' lang='lat' dir='ltr'>Inde</span> <span class='ocrx_word' id='word_1_211' title='bbox 209 2147 394 2203; x_wconf 81' lang='lat' dir='ltr'>denique</span> <span class='ocrx_word' id='word_1_212' title='bbox 426 2159 465 2188; x_wconf 84' lang='lat' dir='ltr'>et</span> <span class='ocrx_word' id='word_1_213' title='bbox 497 2146 714 2187; x_wconf 85' lang='lat' dir='ltr'>Dominus</span> <span class='ocrx_word' id='word_1_214' title='bbox 742 2145 931 2187; x_wconf 86' lang='lat' dir='ltr'>dicebat:</span> <span class='ocrx_word' id='word_1_215' title='bbox 963 2146 1179 2200; x_wconf 80' lang='lat' dir='ltr'>‚,nemo⁵)</span> <span class='ocrx_word' id='word_1_216' title='bbox 1208 2148 1377 2187; x_wconf 86' lang='lat' dir='ltr'>mittens</span> <span class='ocrx_word' id='word_1_217' title='bbox 1404 2161 1496 2186; x_wconf 87' lang='lat' dir='ltr'>ma-</span> 
     </span>
     <span class='ocr_line' id='line_1_28' title="bbox 74 2223 1495 2279; baseline -0.003 -12"><span class='ocrx_word' id='word_1_218' title='bbox 74 2242 177 2267; x_wconf 89' lang='lat' dir='ltr'>num</span> <span class='ocrx_word' id='word_1_219' title='bbox 208 2241 327 2266; x_wconf 85' lang='lat' dir='ltr'>suam</span> <span class='ocrx_word' id='word_1_220' title='bbox 359 2226 413 2265; x_wconf 90' lang='lat' dir='ltr'>ad</span> <span class='ocrx_word' id='word_1_221' title='bbox 444 2235 654 2273; x_wconf 84' lang='lat' dir='ltr'>aratrum,</span> <span class='ocrx_word' id='word_1_222' title='bbox 686 2235 724 2264; x_wconf 88' lang='lat' dir='ltr'>et</span> <span class='ocrx_word' id='word_1_223' title='bbox 754 2235 868 2264; x_wconf 87' lang='lat' dir='ltr'>retro</span> <span class='ocrx_word' id='word_1_224' title='bbox 900 2223 1148 2279; x_wconf 84' lang='lat' dir='ltr'>respiciens,</span> <span class='ocrx_word' id='word_1_225' title='bbox 1187 2235 1306 2279; x_wconf 89' lang='lat' dir='ltr'>aptus</span> <span class='ocrx_word' id='word_1_226' title='bbox 1340 2234 1399 2263; x_wconf 87' lang='lat' dir='ltr'>est</span> <span class='ocrx_word' id='word_1_227' title='bbox 1428 2239 1495 2262; x_wconf 79' lang='lat' dir='ltr'>rc-</span> 
     </span>
     <span class='ocr_line' id='line_1_29' title="bbox 45 2290 1497 2354; baseline -0.001 -13"><span class='ocrx_word' id='word_1_228' title='bbox 45 2317 158 2354; x_wconf 84' lang='lat' dir='ltr'>.gn0</span> <span class='ocrx_word' id='word_1_229' title='bbox 199 2301 324 2344; x_wconf 72' lang='lat' dir='ltr'>Dei.“</span> <span class='ocrx_word' id='word_1_230' title='bbox 394 2301 453 2342; x_wconf 85' lang='lat' dir='ltr'>Et</span> <span class='ocrx_word' id='word_1_231' title='bbox 490 2300 629 2342; x_wconf 83' lang='lat' dir='ltr'>addit:</span> <span class='ocrx_word' id='word_1_232' title='bbox 668 2290 952 2350; x_wconf 77' lang='lat' dir='ltr'>„mementote</span> <span class='ocrx_word' id='word_1_233' title='bbox 992 2300 1133 2341; x_wconf 83' lang='lat' dir='ltr'>uxoris</span> <span class='ocrx_word' id='word_1_234' title='bbox 1172 2300 1294 2341; x_wconf 87' lang='lat' dir='ltr'>Lot.“</span> <span class='ocrx_word' id='word_1_235' title='bbox 1362 2299 1497 2354; x_wconf 84' lang='lat' dir='ltr'>Quod</span> 
     </span>
    </p>
   </div>
   <div class='ocr_carea' id='block_1_6' title="bbox 80 2375 1495 2438">
    <p class='ocr_par' dir='ltr' id='par_1_7' title="bbox 80 2375 1495 2438">
     <span class='ocr_line' id='line_1_30' title="bbox 80 2375 1495 2438; baseline -0.003 -18"><span class='ocrx_word' id='word_1_236' title='bbox 80 2391 219 2438; x_wconf 56' lang='lat' dir='ltr'>autem</span> <span class='ocrx_word' id='word_1_237' title='bbox 248 2379 296 2420; x_wconf 83' lang='lat' dir='ltr'>fit</span> <span class='ocrx_word' id='word_1_238' title='bbox 325 2378 567 2420; x_wconf 82' lang='lat' dir='ltr'>staticulum</span> <span class='ocrx_word' id='word_1_239' title='bbox 599 2375 707 2427; x_wconf 86' lang='lat' dir='ltr'>salis,</span> <span class='ocrx_word' id='word_1_240' title='bbox 737 2376 1001 2433; x_wconf 84' lang='lat' dir='ltr'>insipientiae</span> <span class='ocrx_word' id='word_1_241' title='bbox 1033 2377 1121 2434; x_wconf 84' lang='lat' dir='ltr'>ejus</span> <span class='ocrx_word' id='word_1_242' title='bbox 1142 2376 1347 2418; x_wconf 87' lang='lat' dir='ltr'>indicium</span> <span class='ocrx_word' id='word_1_243' title='bbox 1379 2377 1495 2417; x_wconf 78' lang='lat' dir='ltr'>vide-</span> 
     </span>
    </p>
   </div>
   <div class='ocr_carea' id='block_1_7' title="bbox 194 2558 1495 2824">
    <p class='ocr_par' dir='ltr' id='par_1_8' title="bbox 194 2558 1495 2683">
     <span class='ocr_line' id='line_1_31' title="bbox 199 2558 1495 2616; baseline 0.001 -16"><span class='ocrx_word' id='word_1_244' title='bbox 199 2559 242 2614; x_wconf 74' lang='grc' dir='ltr'>ι)</span> <span class='ocrx_word' id='word_1_245' title='bbox 274 2560 473 2614; x_wconf 83' lang='lat' dir='ltr'>Quatuor</span> <span class='ocrx_word' id='word_1_246' title='bbox 501 2560 624 2602; x_wconf 46' lang='lat' dir='ltr'>Mssa</span> <span class='ocrx_word' id='word_1_247' title='bbox 656 2559 905 2613; x_wconf 79' lang='lat' dir='ltr'>„Urgebunt</span> <span class='ocrx_word' id='word_1_248' title='bbox 935 2570 1076 2600; x_wconf 82' lang='lat' dir='ltr'>tamen</span> <span class='ocrx_word' id='word_1_249' title='bbox 1096 2576 1189 2611; x_wconf 89' lang='lat' dir='ltr'>nos,</span> <span class='ocrx_word' id='word_1_250' title='bbox 1222 2558 1320 2616; x_wconf 86' lang='lat' dir='ltr'>qui“</span> <span class='ocrx_word' id='word_1_251' title='bbox 1352 2570 1427 2601; x_wconf 79' lang='lat' dir='ltr'>cte.</span> <span class='ocrx_word' id='word_1_252' title='bbox 1446 2559 1495 2601; x_wconf 81' lang='lat' dir='ltr'>R.</span> 
     </span>
     <span class='ocr_line' id='line_1_32' title="bbox 194 2630 665 2683; baseline 0 -11"><span class='ocrx_word' id='word_1_253' title='bbox 194 2630 240 2683; x_wconf 77' lang='grc'>2)</span> <span class='ocrx_word' id='word_1_254' title='bbox 270 2630 421 2673; x_wconf 85' lang='lat' dir='ltr'>Ezech.</span> <span class='ocrx_word' id='word_1_255' title='bbox 453 2632 569 2680; x_wconf 88' lang='lat' dir='ltr'>XVI,</span> <span class='ocrx_word' id='word_1_256' title='bbox 599 2632 665 2674; x_wconf 82' lang='lat'>55.</span> 
     </span>
    </p>

    <p class='ocr_par' dir='ltr' id='par_1_9' title="bbox 197 2699 1228 2756">
     <span class='ocr_line' id='line_1_33' title="bbox 197 2699 1228 2756; baseline 0 -16"><span class='ocrx_word' id='word_1_257' title='bbox 197 2699 242 2753; x_wconf 75' lang='lat'>³)</span> <span class='ocrx_word' id='word_1_258' title='bbox 275 2701 437 2742; x_wconf 80' lang='lat' dir='ltr'>Desunt</span> <span class='ocrx_word' id='word_1_259' title='bbox 467 2702 613 2741; x_wconf 79' lang='lat' dir='ltr'>verba:</span> <span class='ocrx_word' id='word_1_260' title='bbox 645 2713 767 2756; x_wconf 84' lang='lat' dir='ltr'>„post</span> <span class='ocrx_word' id='word_1_261' title='bbox 798 2706 879 2750; x_wconf 74' lang='lat' dir='ltr'>st·.‚“</span> <span class='ocrx_word' id='word_1_262' title='bbox 911 2700 953 2741; x_wconf 80' lang='lat' dir='ltr'>in</span> <span class='ocrx_word' id='word_1_263' title='bbox 987 2701 1050 2741; x_wconf 79' lang='lat' dir='ltr'>ed.</span> <span class='ocrx_word' id='word_1_264' title='bbox 1082 2700 1228 2748; x_wconf 50' lang='lat' dir='ltr'>Rufiei,</span> 
     </span>
    </p>

    <p class='ocr_par' dir='ltr' id='par_1_10' title="bbox 198 2768 1109 2824">
     <span class='ocr_line' id='line_1_34' title="bbox 198 2768 1109 2824; baseline 0.002 -15"><span class='ocrx_word' id='word_1_265' title='bbox 198 2768 243 2822; x_wconf 76' lang='lat'>⁴)</span> <span class='ocrx_word' id='word_1_266' title='bbox 273 2769 381 2812; x_wconf 82' lang='lat' dir='ltr'>Edd.</span> <span class='ocrx_word' id='word_1_267' title='bbox 413 2771 609 2812; x_wconf 69' lang='lat' dir='ltr'>Met-lini:</span> <span class='ocrx_word' id='word_1_268' title='bbox 643 2770 685 2812; x_wconf 87' lang='lat' dir='ltr'>in</span> <span class='ocrx_word' id='word_1_269' title='bbox 716 2773 891 2824; x_wconf 76' lang='lat' dir='ltr'>figuram</span> <span class='ocrx_word' id='word_1_270' title='bbox 924 2770 1002 2813; x_wconf 76' lang='lat' dir='ltr'>illis</span> <span class='ocrx_word' id='word_1_271' title='bbox 1035 2781 1109 2811; x_wconf 85' lang='lat' dir='ltr'>ete.</span> 
     </span>
    </p>
   </div>
   <div class='ocr_carea' id='block_1_8' title="bbox 199 2841 578 2894">
    <p class='ocr_par' dir='ltr' id='par_1_11' title="bbox 199 2841 578 2894">
     <span class='ocr_line' id='line_1_35' title="bbox 199 2841 578 2894; baseline 0.003 -13"><span class='ocrx_word' id='word_1_272' title='bbox 199 2841 244 2894; x_wconf 80' lang='lat'>⁵)</span> <span class='ocrx_word' id='word_1_273' title='bbox 279 2841 375 2883; x_wconf 71' lang='lat' dir='ltr'>Luc.</span> <span class='ocrx_word' id='word_1_274' title='bbox 407 2841 482 2891; x_wconf 79' lang='lat' dir='ltr'>lx,</span> <span class='ocrx_word' id='word_1_275' title='bbox 512 2842 578 2883; x_wconf 83' lang='lat'>62.</span> 
     </span>
    </p>
   </div>
  </div>
 </body>
</html>
