1764 3096
229 84 317 127 310
793 93 850 122 Ex
881 80 1104 124 Oxum-:ms
1283 121 1312 142 ·

238 192 292 238 τὰ
331 191 636 251 χαλεπώτατα
689 196 809 252 γοῦν
857 195 951 250 θεῷ
993 191 1270 252 νομιζόμενα
1319 192 1671 252 προσάπτεσθαι

241 274 333 316 τῶν
364 268 619 329 ὀνομάτων,
647 269 798 329 θυμὸς
825 273 904 314 καὶ
934 269 1064 329 ὀργὴ,
1099 272 1302 329 ἐλέγχειν
1330 274 1407 316 καὶ
1435 270 1675 318 παιδεύειν

175 384 178 386 .
243 352 420 406 λέγεται
455 349 506 393 ἐν
534 351 615 406 τῷ·
651 346 890 410 ,,κύριε’),
922 347 985 408 μὴ
1016 351 1079 406 τῷ
1110 352 1246 407 θυμῷ
1279 364 1363 395 σου
1394 351 1572 410 ἐλέγξῃς
1599 367 1672 408 με,

239 426 358 484 μηδὲ
401 429 451 487 τῇ
468 426 513 482 ²)
545 425 658 487 ὀργῇ
700 439 785 471 σου
809 424 1057 489 παιδεύσῃς
1094 429 1205 485 μεῆί
1246 430 1326 473 τοῦ
1367 431 1507 472 ταῦτα
1539 429 1675 485 εὐχο-

242 507 404 562 μένου,
437 504 661 562 δεομένου
707 502 772 563 μὴ
815 504 1035 559 δεηθῦναι
1079 506 1268 563 ἐλέγχου
1300 508 1378 550 τοῦ
1411 504 1488 550 διὰ
1518 509 1674 563 θυμοῦ

243 581 371 634 θεοῦ,
405 583 483 624 καὶ
511 579 800 631 παιδεύσεως
827 584 904 638 τῆς
932 582 1008 626 διὰ
1038 586 1114 638 τῆς
1144 583 1281 643 ὀργῆς
1311 586 1482 640 αῦτοῦ,
1519 582 1578 633 ὠς
1606 602 1677 628 τι-

244 658 340 701 νῶν
363 657 774 716 ἑλεγχθησομένων
795 663 856 717 τῷ
886 663 1024 718 θυμῷ
1048 663 1128 704 τοῦ
1160 664 1289 718 θεοῦ,
1322 665 1399 706 καὶ
1418 663 1679 718 παιδευθη-

243 737 454 791 σομένων
481 738 530 796 τῇ
564 735 674 798 ὀργῇ
707 737 863 782 αὐτοῦ.
906 735 1003 782 Ἵνα
1035 739 1084 782 δὲ
1114 741 1295 795 μᾶλλον
1323 743 1611 798 προσιέμεθα
1628 739 1676 796 3)

242 808 298 855 τὰ
327 810 571 872 λεγόμενα,
603 818 681 859 καὶ
721 814 814 860 ἀπὸ
855 819 931 872 τῆς
972 819 1130 871 καινῆς
1169 815 1391 872 διαθήκης
1429 820 1678 878 παραπλη-

246 894 362 939 σίοις
381 892 784 953 ῥητοΐςχρηστέον,
801 896 882 938 τοῦ
904 893 993 952 μὲν
1007 897 1219 951 Σωτῆρος
1234 897 1462 952 λέγοντος·
1487 898 1612 954 ,,πῦρ
1630 894 1676 949 ⁴²)

243 958 392 1021 ἦλθον
417 971 575 1023 βαλεῖν
604 970 682 1013 ἐπὶ
719 969 800 1025 τὴν
833 973 948 1029 γῆν,
991 974 1068 1013 καὶ
1106 972 1265 1027 εἴθεὸ)
1303 973 1354 1016 δὲ
1396 969 1560 1027 ἐκάη·“
1595 970 1678 1015 οὐκ

247 1039 308 1086 ἄν
335 1041 440 1100 γὰρ,
485 1045 550 1103 μὴ
582 1050 804 1107 σωτηρίου
835 1044 963 1096 ὄντος
994 1051 1073 1091 τοῦ
1105 1047 1277 1109 πυρὸς,
1327 1045 1350 1093 ὃ
1381 1041 1493 1105 ἦλθε
1522 1051 1679 1106 βαλεῖν

249 1118 327 1164 ἐπὶ
358 1120 440 1177 τὴν
468 1124 576 1179 γῆν,
614 1128 692 1168 καὶ
722 1124 987 1187 ἀνθρώποις
1027 1131 1271 1187 σωτηρίου,
1311 1128 1437 1184 ἔλεγε
1480 1129 1621 1171 ταῦτα
1654 1123 1677 1169 ὁ

246 1199 327 1241 τοῦ
358 1196 540 1255 ἀγαθοῦ
580 1205 694 1247 θεοῦ
732 1201 839 1253 υἱός.
907 1203 1039 1247 Ἀλλὰ
1077 1207 1155 1247 καὶ
1195 1203 1218 1248 ὁ
1259 1207 1459 1260 Πέτρος,
1504 1201 1680 1247 ἀνελών

246 1277 310 1332 τῷ
344 1274 468 1334 λόγῳ
494 1276 576 1323 τὸν
599 1279 815 1327 Ἀνανίαν
844 1283 922 1326 καὶ
951 1297 1033 1338 την
1053 1280 1351 1342 Σάπφειραν,
1381 1278 1681 1341 ἁμαρτήσαν-

249 1370 328 1402 τας
356 1354 407 1399 ἓν
435 1358 498 1412 τῷ
529 1356 788 1414 ψεύδεσθαι
828 1359 910 1404 οὐκ
940 1358 1229 1420 ἀνθρώποις,
1273 1359 1387 1403 ἀλλὰ
1428 1361 1490 1416 τῷ
1522 1362 1678 1416 κυρίῳ,

250 1431 305 1476 οὐ
334 1431 485 1488 μόνον
513 1435 850 1495 πεφρόντικεθ)
879 1441 956 1494 τῆς
986 1439 1232 1496 οῗκοδομῆς
1260 1440 1353 1482 τῶν
1378 1438 1429 1481 ἐκ
1455 1439 1536 1481 τοῦ
1567 1434 1682 1496 ὁρᾶν

250 1508 301 1553 τὸ
331 1517 643 1572 γεγενημένον
672 1515 1006 1576 εὐλαβεστέρων
1035 1518 1270 1574 ἐσομένων
1302 1518 1365 1566 εἰς
1381 1514 1464 1571 τὴν
1481 1518 1545 1565 εἰς
1562 1520 1680 1572 Χρι-

251 1585 364 1631 στὸν
394 1594 574 1647 πίστιν,
608 1591 722 1637 ἀλλὰ
762 1596 839 1639 καὶ
877 1598 969 1639 τῶν
1006 1591 1412 1650 ἀποθνησκόντων·
1451 1590 1681 1649 βουλόμε-

253 1679 332 1714 νος
376 1665 540 1717 αὐτοὺς
581 1675 953 1732 κεκαθαρμένους
994 1676 1056 1730 τῷ
1104 1673 1326 1729 αῖᾳνιδίῳ
1370 1668 1558 1727 θανάτῳ
1604 1672 1682 1713 καὶ

251 1740 378 1802 παρὰ
408 1746 695 1805 προσδοκίαν
724 1747 981 1800 ἀπαλλάξαι
1019 1753 1099 1793 τοῦ
1142 1748 1373 1807 σώματος,
1420 1744 1610 1805 ἔχοντάς
1639 1764 1681 1790 u

252 1820 331 1862 καὶ
360 1821 657 1882 δικαιώσεως,
689 1826 808 1877 ,ἐπεὶ
848 1825 937 1872 κᾶν
974 1825 1025 1871 τὸ
1063 1825 1204 1887 ἥμισυ
1242 1829 1334 1871 τῶν
1377 1823 1682 1885 ὑπαρχόντων

255 1894 511 1943 δεδώκασιν
540 1905 603 1951 εἰς
630 1901 712 1958 τὴν
733 1909 900 1964 χρείαν
929 1907 1020 1949 τῶν
1051 1905 1300 1963 δεομένων.
1373 1904 1467 1947 Καὶ
1498 1905 1683 1953 Παῦλος

254 1974 306 2018 δὲ
333 1973 414 2019 τὸν
444 1975 531 2022 σὺν
560 1982 622 2037 τῷ
655 1979 908 2039 ἀνθυπάτῳ
936 1985 1115 2039 Σεργίῳ
1150 1978 1324 2037 Παύλῳ
1352 1984 1414 2037 τῷ
1446 1977 1569 2038 λόγῳ
1598 1997 1680 2024 τυ-

254 2053 399 2109 φλῶν,
432 2053 510 2098 διὰ
540 2059 631 2102 τῶν
659 2055 820 2104 πόνων
850 2059 1112 2118 ἐπιστρέφει
1143 2057 1286 2103 αὐτὸν
1319 2061 1380 2107 εἰς
1398 2060 1678 2114 θεοσέβειαν,

254 2130 403 2186 26wa
432 2131 571 2191 αὐτῷ·
603 2126 734 2192 ,,ὦ“’)
763 2133 936 2195 πλήρης
962 2135 1134 2186 παντὸς
1162 2133 1303 2181 δόλου
1322 2137 1399 2180 καὶ
1416 2133 1565 2192 πάσης
1592 2137 1681 2197 ῥᾳ-

258 2231 364 2240 ,ᾐ-

376 2307 419 2364 ¹>
449 2309 604 2353 Psalm.
635 2311 707 2362 v1,
738 2311 776 2353 1.
809 2311 908 2354 con.
940 2311 1187 2361 XXXVIII,
1218 2312 1257 2353 1.
1289 2309 1561 2368 (xxxvn.)

374 2378 421 2430 ²)
451 2379 729 2423 Desideratur
756 2383 806 2441 τῇ
836 2381 882 2423 in
913 2382 1008 2424 edd.
1026 2381 1190 2434 Τιιτίηἰ,
1221 2378 1367 2423 Huetii
1386 2392 1514 2437 atque
1532 2378 1679 2431 Ruaei,

256 2446 385 2476 exstat
414 2453 514 2478 vero
544 2437 590 2480 in
621 2439 718 2480 edd.
750 2438 969 2495 Spenceri.

375 2504 421 2561 3)
445 2506 525 2550 Ed.
555 2507 712 2551 Ruaei:
742 2506 1051 2566 προσιήμεθα.

372 2575 419 2633 ⁴)
448 2579 548 2621 Luc.
578 2578 676 2628 XII,
704 2578 773 2622 49.
803 2580 899 2622 coll.
930 2580 1026 2622 edd.
1057 2580 1110 2622 N.
1140 2579 1192 2621 T.

369 2647 415 2703 ⁵)
446 2647 556 2691 Edd.
588 2648 767 2700 Philoc.‚
794 2649 940 2706 itemq.
971 2651 1066 2693 edd.
1097 2650 1250 2692 Huet.:
1278 2641 1453 2704 ,,εἰ’τε.“

368 2717 557 2773 6)Ε(1(1.
606 2718 786 2770 Philae„
826 2718 971 2777 itemq.
1014 2721 1110 2763 edd.
1153 2718 1303 2762 fluet-2
1339 2709 1679 2774 ,πεφροντικὼς

255 2775 330 2828 τῆς
361 2776 610 2831 οἷκοδομῆς
637 2778 713 2831 τῆς
741 2777 792 2820 ἐκ
819 2778 934 2821 τοῦ“
964 2779 1057 2822 κτλ.

371 2843 416 2900 ⁷)
445 2846 537 2888 Act.
567 2846 686 2897 XIII,
717 2848 782 2890 10.
813 2846 878 2892 11.
