1764 3096
474 123 519 155 m
551 110 750 154 GENEsm
781 109 982 152 HOMmA
1009 109 1106 151 XV.
1413 110 1498 154 269

45 238 51 241 ⁷
88 226 205 282 quod
238 225 359 266 dicit:
390 225 519 281 „ct'¹)
549 225 712 281 Joseph
732 236 874 279 ‘ponet
902 240 1051 265 manus
1079 239 1173 264 suas
1190 239 1318 278 super
1349 226 1496 266 oeulos

86 286 222 343 ῐιιοεΙ.ιι
279 301 417 342 Multa
448 301 622 357 quidem
660 301 768 341 intra
807 299 929 357 hujus
968 298 1173 341 sermonis
1209 301 1398 342 velamen
1428 318 1496 342 ar-

86 395 213 420 canae
240 378 538 431 intelligentiae
568 378 732 428 contegi
753 378 939 418 arbitror
960 389 1231 424 sacramenta,
1260 394 1368 432 quae
1389 396 1496 420 eon-

82 455 242 508 tingere
285 466 324 496 et
360 457 527 510 pulsare
572 453 741 495 alterius
779 455 985 509 temporis
1025 467 1094 496 est.
1161 455 1286 495 Nunc
1326 456 1495 496 interim

81 550 171 573 non
202 532 412 573 videbitur
443 533 599 586 absque
632 531 795 572 ratione
828 531 922 580 dici,
954 533 1070 586 quod
1103 543 1142 573 et
1169 532 1384 587 prioribus
1413 549 1497 573 no-

80 609 172 650 stris
202 609 454 663 quibusdam
488 609 618 649 visum
656 620 733 657 est,
771 609 1044 664 prophetiam
1085 611 1298 665 quandam
1334 609 1380 650 in
1410 610 1496 651 hoc

83 686 340 739 designatam
374 685 527 726 videri:
559 685 761 740 quoniam
796 686 966 740 quidem
1000 687 1052 726 de
1080 686 1192 726 tribu
1223 687 1384 742 Joseph
1416 687 1497 728 fuit

81 763 346 804 Hieroboam
361 761 404 817 2)
434 764 525 811 ille,
556 763 627 818 qui
656 762 755 803 fecit
786 764 887 803 duas
917 778 1060 803 vaccas
1089 779 1254 811 aureas,
1294 775 1340 803 ut
1368 765 1494 804 sedu-

81 851 192 881 ceret
225 840 437 895 populum
469 840 651 880 adorare
682 855 770 888 eas,
818 851 855 879 et
894 855 973 895 per
1014 839 1096 880 hoc
1134 840 1247 879 velut
1287 839 1494 895 impositis

81 916 277 958 manibus
308 916 389 957 suis
423 915 666 965 excaecavit,
700 927 739 957 et
771 916 915 957 clausit
946 918 1094 957 oculos
1125 916 1265 965 Israel,
1292 933 1347 957 ne
1382 917 1494 957 vide-

80 1006 174 1034 rent
202 993 462 1048 impietatem
501 1010 642 1043 suam,
684 995 735 1035 de
778 1010 862 1049 quo
905 993 1063 1035 dictum
1102 1004 1180 1034 est:
1226 994 1493 1049 ‚‚propter3)

78 1070 335 1124 impietatem
366 1070 505 1111 Jacob
537 1072 640 1112 haec
673 1071 835 1119 omnia,
877 1082 915 1111 et
952 1082 1131 1125 propter
1160 1072 1492 1126 peccatum·do-

79 1164 171 1188 mus
199 1147 338 1190 Israel.
400 1148 523 1202 Quae
553 1159 691 1188 autem
724 1148 914 1203 impIetas
942 1146 1110 1189 Jacob?
1157 1148 1312 1188 Nonne
1343 1148 1493 1188 Sama-

79 1212 138 1264 ria
153 1223 200 1265 ?“
260 1225 344 1266 Sed
374 1225 407 1265 si
439 1224 529 1280 quis
560 1227 670 1266 forte
700 1237 820 1277 neget
852 1226 1007 1266 debere
1038 1241 1109 1275 ea,
1151 1241 1259 1281 quae
1286 1226 1364 1265 sub
1397 1241 1492 1280 spe-

80 1301 141 1341 cie
170 1302 332 1357 pietatis
360 1302 504 1342 futura
535 1317 557 1341 a
587 1301 683 1341 Deo
716 1303 826 1343 dicta
854 1314 973 1352 sunt,
1003 1303 1056 1343 ad
1086 1314 1248 1358 partem
1278 1302 1492 1356 vitupera-

76 1379 208 1419 bilem
237 1379 371 1428 flecti,
401 1379 611 1429 dicemus,
652 1378 748 1435 quia
780 1392 818 1420 et
847 1397 967 1421 verus
995 1380 1179 1434 Joseph‚
1206 1380 1419 1420 Dominus
1452 1390 1492 1419 et

79 1455 275 1496 Salvator
312 1468 471 1504 noster,
519 1457 624 1497 sicut
671 1459 938 1510 corporalem
976 1473 1153 1497 manum
1190 1473 1307 1497 suam
1348 1456 1493 1511 posuit

74 1549 203 1587 super
234 1534 383 1574 oculos
415 1532 549 1582 caeci,
595 1545 632 1573 et
661 1535 847 1575 reddidit
877 1534 913 1575 ei
946 1535 1102 1583 visum,
1134 1549 1259 1589 quem
1292 1532 1491 1589 perdide-

77 1621 163 1650 rat:
195 1609 251 1651 ita
279 1610 405 1651 etiarn
437 1610 672 1666 spirituales
703 1628 853 1652 manus
883 1628 976 1652 suas
1005 1611 1147 1666 posuit
1182 1625 1309 1665 super
1340 1610 1490 1650 oculos

74 1687 188 1738 legis,
218 1688 291 1742 qui
320 1704 397 1743 per
428 1688 696 1742 corporalem
713 1686 1031 1739 intelligentiam
1048 1687 1292 1728 Scribarum
1318 1698 1356 1727 et
1376 1686 1492 1727 Pha-

74 1765 309 1805 risaeorum
338 1766 506 1805 fuerant
536 1765 764 1814 excaecati,
795 1777 833 1805 et
864 1764 1048 1806 reddidit
1077 1764 1125 1806 iis
1155 1765 1310 1814 visum,
1339 1776 1386 1804 ut
1414 1765 1491 1815 his,

76 1841 229 1896 quibus
258 1842 395 1897 aperit
409 1840 454 1895 ἸΙ)
494 1842 707 1883 Dominus
746 1842 1008 1897 Scripturas,
1054 1842 1289 1897 spirituales
1325 1843 1370 1882 in
1399 1843 1490 1893 lege

75 1918 182 1959 visus
215 1930 253 1959 et
280 1918 513 1959 intellectus
552 1919 722 1974 aperiat.
793 1919 933 1973 Atque
974 1921 1136 1961 utinam
1180 1931 1219 1959 et
1255 1920 1380 1960 nobis
1418 1919 1486 1959 in·-

76 1994 190 2050 jiciat
219 1994 433 2036 Dominus
464 1995 583 2036 Jesus
623 2011 773 2035 manus
811 2011 902 2035 suas
931 2012 1058 2050 super
1089 1997 1256 2045 oculos,
1304 2007 1350 2036 ut
1379 1995 1485 2036 inci-

74 2072 242 2127 piamus
274 2084 311 2112 et
339 2089 417 2113 nos
446 2071 656 2126 respicere
684 2087 773 2111 non
806 2088 875 2121 ea,
904 2089 1012 2127 quae
1038 2073 1246 2121 videntur,
1275 2074 1346 2113 sed
1379 2089 1489 2128 quae

75 2166 165 2189 non
194 2149 409 2190 videntur:
450 2161 488 2189 et
528 2148 688 2204 aperiat
719 2147 843 2190 nobis
873 2150 969 2190 illos
1001 2151 1170 2198 oculos,
1201 2149 1273 2205 qui
1302 2165 1390 2189 non
1420 2149 1488 2190 in-

73 2237 244 2268 tuentur
272 2225 523 2282 praesentia,
551 2226 622 2266 sed
652 2226 806 2274 futura,
837 2237 875 2266 et
904 2228 1057 2266 revelet
1085 2226 1208 2267 nobis
1241 2226 1379 2268 cordis
1410 2227 1487 2267 ad-

30 2331 34 2333 -
74 2315 279 2359 spectum,
310 2321 394 2360 quo
426 2303 545 2344 Deus
586 2302 750 2343 videtur
776 2302 820 2343 in
849 2303 1021 2360 spiritu,
1051 2320 1128 2360 per
1157 2303 1296 2360 ipsum
1328 2304 1484 2344 Domi-

192 2479 236 2532 Ῑ)
269 2478 422 2520 Genes.
450 2478 602 2529 XLVI,
631 2481 669 2522 4.

191 2548 237 2603 2)
266 2548 285 2587 I
316 2548 441 2601 Regg.
471 2550 566 2593 XII.
598 2551 681 2605 (III
710 2552 834 2605 Regg.

189 2617 235 2672 3)
267 2618 395 2661 Mich.
428 2619 458 2670 I,
487 2622 525 2662 5.

191 2687 237 2742 ⁴)
267 2688 336 2730 Sic
365 2690 466 2731 Mss.
497 2690 632 2732 Alias:
668 2691 856 2747 „aperuit
884 2690 1096 2732 Dominus
1133 2688 1359 2742 scripturas
1397 2687 1482 2741 spi-

77 2745 259 2792 rituales,
287 2745 332 2784 in
362 2746 452 2796 lege
482 2746 589 2787 visus
623 2759 662 2787 et
690 2749 925 2790 intellectus
957 2750 1197 2801 appareat.“
1229 2744 1276 2784 R.
1303 2743 1486 2786 ...Edd.

77 2800 270 2841 Merlini:
307 2802 465 2856 „aperit
503 2802 715 2844 Dominus
763 2805 990 2862 scripturas
1029 2801 1263 2858 spirituales
1298 2800 1342 2842 in
1382 2802 1487 2853 lege,

77 2856 183 2898 visus
215 2867 254 2898 et
281 2857 514 2902 intellectus
540 2866 781 2915 appareat.“
