<?xml version="1.0" encoding="UTF-8"?>
<!DOCTYPE html PUBLIC "-//W3C//DTD XHTML 1.0 Transitional//EN"
    "http://www.w3.org/TR/xhtml1/DTD/xhtml1-transitional.dtd">
<html xmlns="http://www.w3.org/1999/xhtml" xml:lang="en" lang="en">
 <head>
  <title>
</title>
<meta http-equiv="Content-Type" content="text/html;charset=utf-8" />
  <meta name='ocr-system' content='tesseract 3.04.00' />
  <meta name='ocr-capabilities' content='ocr_page ocr_carea ocr_par ocr_line ocrx_word'/>
</head>
<body>
  <div class='ocr_page' id='page_1' title='image "./operaomniaquaegr08orig_0121.png"; bbox 0 0 1764 3096; ppageno 0'>
   <div class='ocr_carea' id='block_1_1' title="bbox 443 118 1483 171">
    <p class='ocr_par' dir='ltr' id='par_1_1' title="bbox 443 118 1483 171">
     <span class='ocr_line' id='line_1_1' title="bbox 443 118 1483 171; baseline 0.006 -10"><span class='ocrx_word' id='word_1_1' title='bbox 443 132 490 161; x_wconf 75' lang='lat' dir='ltr'>m</span> <span class='ocrx_word' id='word_1_2' title='bbox 525 119 728 161; x_wconf 68' lang='lat' dir='ltr'>Gffluzsm</span> <span class='ocrx_word' id='word_1_3' title='bbox 762 118 972 161; x_wconf 74' lang='lat' dir='ltr'>HomntA</span> <span class='ocrx_word' id='word_1_4' title='bbox 1005 119 1039 162; x_wconf 83' lang='grc' dir='ltr'>Ι.</span> <span class='ocrx_word' id='word_1_5' title='bbox 1397 127 1483 171; x_wconf 83' lang='grc'>109</span> 
     </span>
    </p>
   </div>
   <div class='ocr_carea' id='block_1_2' title="bbox 45 230 1488 2215">
    <p class='ocr_par' dir='ltr' id='par_1_2' title="bbox 45 230 1488 2215">
     <span class='ocr_line' id='line_1_2' title="bbox 71 230 1486 289; baseline 0.004 -16"><span class='ocrx_word' id='word_1_6' title='bbox 71 231 216 274; x_wconf 84' lang='lat' dir='ltr'>coelos</span> <span class='ocrx_word' id='word_1_7' title='bbox 246 247 332 274; x_wconf 89' lang='lat' dir='ltr'>esse</span> <span class='ocrx_word' id='word_1_8' title='bbox 361 230 526 282; x_wconf 76' lang='lat' dir='ltr'>dicitur,</span> <span class='ocrx_word' id='word_1_9' title='bbox 555 230 845 286; x_wconf 87' lang='lat' dir='ltr'>unusquisque</span> <span class='ocrx_word' id='word_1_10' title='bbox 865 230 1056 272; x_wconf 79' lang='lat' dir='ltr'>fidelium</span> <span class='ocrx_word' id='word_1_11' title='bbox 1072 232 1262 274; x_wconf 81' lang='lat' dir='ltr'>coelestis</span> <span class='ocrx_word' id='word_1_12' title='bbox 1290 235 1486 289; x_wconf 82' lang='lat' dir='ltr'>efficitur,</span> 
     </span>
     <span class='ocr_line' id='line_1_3' title="bbox 69 307 1488 362; baseline 0.004 -12"><span class='ocrx_word' id='word_1_13' title='bbox 69 309 114 350; x_wconf 88' lang='lat' dir='ltr'>id</span> <span class='ocrx_word' id='word_1_14' title='bbox 146 321 217 359; x_wconf 88' lang='lat' dir='ltr'>est,</span> <span class='ocrx_word' id='word_1_15' title='bbox 246 326 343 350; x_wconf 89' lang='lat' dir='ltr'>cum</span> <span class='ocrx_word' id='word_1_16' title='bbox 371 325 538 350; x_wconf 80' lang='lat' dir='ltr'>sensum</span> <span class='ocrx_word' id='word_1_17' title='bbox 566 324 689 349; x_wconf 90' lang='lat' dir='ltr'>suum</span> <span class='ocrx_word' id='word_1_18' title='bbox 721 308 848 347; x_wconf 82' lang='lat' dir='ltr'>habet</span> <span class='ocrx_word' id='word_1_19' title='bbox 885 307 931 348; x_wconf 83' lang='lat' dir='ltr'>in</span> <span class='ocrx_word' id='word_1_20' title='bbox 962 308 1103 350; x_wconf 80' lang='lat' dir='ltr'>arduis</span> <span class='ocrx_word' id='word_1_21' title='bbox 1135 320 1176 350; x_wconf 91' lang='lat' dir='ltr'>et</span> <span class='ocrx_word' id='word_1_22' title='bbox 1205 312 1390 362; x_wconf 83' lang='lat' dir='ltr'>excelsis,</span> <span class='ocrx_word' id='word_1_23' title='bbox 1418 315 1488 355; x_wconf 89' lang='grc'>111-</span> 
     </span>
     <span class='ocr_line' id='line_1_4' title="bbox 67 384 1485 446; baseline 0.004 -21"><span class='ocrx_word' id='word_1_24' title='bbox 67 385 129 427; x_wconf 86' lang='lat' dir='ltr'>hil</span> <span class='ocrx_word' id='word_1_25' title='bbox 159 387 213 429; x_wconf 83' lang='lat' dir='ltr'>de</span> <span class='ocrx_word' id='word_1_26' title='bbox 240 397 373 435; x_wconf 86' lang='lat' dir='ltr'>terra,</span> <span class='ocrx_word' id='word_1_27' title='bbox 410 386 484 426; x_wconf 89' lang='lat' dir='ltr'>sed</span> <span class='ocrx_word' id='word_1_28' title='bbox 520 395 660 425; x_wconf 84' lang='lat' dir='ltr'>totum</span> <span class='ocrx_word' id='word_1_29' title='bbox 699 385 752 425; x_wconf 84' lang='lat' dir='ltr'>de</span> <span class='ocrx_word' id='word_1_30' title='bbox 792 384 1044 427; x_wconf 75' lang='lat' dir='ltr'>coelestibus</span> <span class='ocrx_word' id='word_1_31' title='bbox 1075 386 1284 438; x_wconf 84' lang='lat' dir='ltr'>cogitans,</span> <span class='ocrx_word' id='word_1_32' title='bbox 1314 389 1485 446; x_wconf 86' lang='lat' dir='ltr'>quae¹)</span> 
     </span>
     <span class='ocr_line' id='line_1_5' title="bbox 64 460 1485 517; baseline 0.001 -12"><span class='ocrx_word' id='word_1_33' title='bbox 64 480 229 505; x_wconf 90' lang='lat' dir='ltr'>sursum</span> <span class='ocrx_word' id='word_1_34' title='bbox 257 473 374 512; x_wconf 90' lang='lat' dir='ltr'>sunt,</span> <span class='ocrx_word' id='word_1_35' title='bbox 419 477 648 517; x_wconf 86' lang='lat' dir='ltr'>quaerens,</span> <span class='ocrx_word' id='word_1_36' title='bbox 696 460 774 502; x_wconf 87' lang='lat' dir='ltr'>ubi</span> <span class='ocrx_word' id='word_1_37' title='bbox 815 460 1003 502; x_wconf 84' lang='lat' dir='ltr'>Christus</span> <span class='ocrx_word' id='word_1_38' title='bbox 1044 473 1104 503; x_wconf 89' lang='lat' dir='ltr'>est</span> <span class='ocrx_word' id='word_1_39' title='bbox 1140 463 1186 504; x_wconf 85' lang='lat' dir='ltr'>in</span> <span class='ocrx_word' id='word_1_40' title='bbox 1225 465 1370 506; x_wconf 82' lang='lat' dir='ltr'>dextra</span> <span class='ocrx_word' id='word_1_41' title='bbox 1398 465 1485 508; x_wconf 85' lang='lat' dir='ltr'>Dei</span> 
     </span>
     <span class='ocr_line' id='line_1_6' title="bbox 62 537 1486 595; baseline 0.001 -15"><span class='ocrx_word' id='word_1_42' title='bbox 62 541 202 595; x_wconf 85' lang='lat' dir='ltr'>patris.</span> <span class='ocrx_word' id='word_1_43' title='bbox 278 538 402 579; x_wconf 91' lang='lat' dir='ltr'>Tunc</span> <span class='ocrx_word' id='word_1_44' title='bbox 441 540 554 580; x_wconf 90' lang='lat' dir='ltr'>enim</span> <span class='ocrx_word' id='word_1_45' title='bbox 599 549 638 579; x_wconf 89' lang='lat' dir='ltr'>et</span> <span class='ocrx_word' id='word_1_46' title='bbox 665 537 755 594; x_wconf 87' lang='lat' dir='ltr'>ipse</span> <span class='ocrx_word' id='word_1_47' title='bbox 786 555 833 580; x_wconf 90' lang='lat' dir='ltr'>ea</span> <span class='ocrx_word' id='word_1_48' title='bbox 863 540 990 581; x_wconf 82' lang='lat' dir='ltr'>laude</span> <span class='ocrx_word' id='word_1_49' title='bbox 1020 539 1169 591; x_wconf 82' lang='lat' dir='ltr'>dignus</span> <span class='ocrx_word' id='word_1_50' title='bbox 1199 541 1429 582; x_wconf 79' lang='lat' dir='ltr'>habebitur</span> <span class='ocrx_word' id='word_1_51' title='bbox 1460 560 1486 586; x_wconf 76' lang='lat' dir='ltr'>a</span> 
     </span>
     <span class='ocr_line' id='line_1_7' title="bbox 63 614 1486 672; baseline 0.003 -16"><span class='ocrx_word' id='word_1_52' title='bbox 63 617 173 666; x_wconf 91' lang='lat' dir='ltr'>Deo,</span> <span class='ocrx_word' id='word_1_53' title='bbox 205 631 313 671; x_wconf 86' lang='lat' dir='ltr'>quae</span> <span class='ocrx_word' id='word_1_54' title='bbox 340 616 408 657; x_wconf 86' lang='lat' dir='ltr'>hic</span> <span class='ocrx_word' id='word_1_55' title='bbox 426 614 638 665; x_wconf 83' lang='lat' dir='ltr'>scribitur,</span> <span class='ocrx_word' id='word_1_56' title='bbox 670 633 766 656; x_wconf 89' lang='lat' dir='ltr'>cum</span> <span class='ocrx_word' id='word_1_57' title='bbox 789 616 961 657; x_wconf 87' lang='lat' dir='ltr'>dicitur:</span> <span class='ocrx_word' id='word_1_58' title='bbox 979 616 1026 672; x_wconf 84' lang='grc'>2)</span> <span class='ocrx_word' id='word_1_59' title='bbox 1054 616 1189 672; x_wconf 80' lang='lat' dir='ltr'>„et3)</span> <span class='ocrx_word' id='word_1_60' title='bbox 1223 617 1324 660; x_wconf 82' lang='lat' dir='ltr'>vidit</span> <span class='ocrx_word' id='word_1_61' title='bbox 1351 619 1486 670; x_wconf 81' lang='lat' dir='ltr'>Deus,</span> 
     </span>
     <span class='ocr_line' id='line_1_8' title="bbox 63 691 1484 750; baseline 0.003 -17"><span class='ocrx_word' id='word_1_62' title='bbox 63 693 161 748; x_wconf 84' lang='lat' dir='ltr'>quia</span> <span class='ocrx_word' id='word_1_63' title='bbox 190 693 356 733; x_wconf 88' lang='lat' dir='ltr'>bonum</span> <span class='ocrx_word' id='word_1_64' title='bbox 386 696 501 733; x_wconf 86' lang='lat' dir='ltr'>est.“&#39;</span> <span class='ocrx_word' id='word_1_65' title='bbox 548 691 749 748; x_wconf 87' lang='lat' dir='ltr'>Denique</span> <span class='ocrx_word' id='word_1_66' title='bbox 791 705 829 735; x_wconf 84' lang='lat' dir='ltr'>et</span> <span class='ocrx_word' id='word_1_67' title='bbox 863 710 932 743; x_wconf 91' lang='lat' dir='ltr'>ea,</span> <span class='ocrx_word' id='word_1_68' title='bbox 965 710 1074 750; x_wconf 86' lang='lat' dir='ltr'>quae</span> <span class='ocrx_word' id='word_1_69' title='bbox 1105 696 1158 736; x_wconf 83' lang='lat' dir='ltr'>de</span> <span class='ocrx_word' id='word_1_70' title='bbox 1186 695 1308 737; x_wconf 85' lang='lat' dir='ltr'>tertia</span> <span class='ocrx_word' id='word_1_71' title='bbox 1340 696 1408 737; x_wconf 83' lang='lat' dir='ltr'>die</span> <span class='ocrx_word' id='word_1_72' title='bbox 1436 696 1484 738; x_wconf 89' lang='lat' dir='ltr'>in</span> 
     </span>
     <span class='ocr_line' id='line_1_9' title="bbox 61 769 1483 825; baseline 0.003 -15"><span class='ocrx_word' id='word_1_73' title='bbox 61 769 414 825; x_wconf 87' lang='lat' dir='ltr'>consequentibus</span> <span class='ocrx_word' id='word_1_74' title='bbox 445 769 754 820; x_wconf 84' lang='lat' dir='ltr'>describuntur,</span> <span class='ocrx_word' id='word_1_75' title='bbox 783 770 828 811; x_wconf 87' lang='grc'>111</span> <span class='ocrx_word' id='word_1_76' title='bbox 857 771 973 812; x_wconf 86' lang='grc'>1111110</span> <span class='ocrx_word' id='word_1_77' title='bbox 1004 773 1189 813; x_wconf 81' lang='lat' dir='ltr'>eundem</span> <span class='ocrx_word' id='word_1_78' title='bbox 1221 774 1483 815; x_wconf 88' lang='lat' dir='ltr'>conveniunt</span> 
     </span>
     <span class='ocr_line' id='line_1_10' title="bbox 59 846 1480 902; baseline 0.002 -14"><span class='ocrx_word' id='word_1_79' title='bbox 59 847 331 888; x_wconf 84' lang='lat' dir='ltr'>intellectum.</span> <span class='ocrx_word' id='word_1_80' title='bbox 403 847 475 888; x_wconf 86' lang='lat' dir='ltr'>Ait</span> <span class='ocrx_word' id='word_1_81' title='bbox 512 846 646 888; x_wconf 89' lang='lat' dir='ltr'>enim:</span> <span class='ocrx_word' id='word_1_82' title='bbox 689 846 818 902; x_wconf 80' lang='lat' dir='ltr'>„et⁴¹)</span> <span class='ocrx_word' id='word_1_83' title='bbox 867 848 970 888; x_wconf 75' lang='lat' dir='ltr'>dixit</span> <span class='ocrx_word' id='word_1_84' title='bbox 1006 847 1147 890; x_wconf 90' lang='lat' dir='ltr'>Deus:</span> <span class='ocrx_word' id='word_1_85' title='bbox 1200 862 1480 902; x_wconf 84' lang='lat' dir='ltr'>congregetur</span> 
     </span>
     <span class='ocr_line' id='line_1_11' title="bbox 62 924 1481 980; baseline 0.003 -16"><span class='ocrx_word' id='word_1_86' title='bbox 62 939 191 978; x_wconf 81' lang='lat' dir='ltr'>aqua,</span> <span class='ocrx_word' id='word_1_87' title='bbox 230 940 337 980; x_wconf 86' lang='lat' dir='ltr'>quae</span> <span class='ocrx_word' id='word_1_88' title='bbox 377 935 437 965; x_wconf 90' lang='lat' dir='ltr'>est</span> <span class='ocrx_word' id='word_1_89' title='bbox 465 926 543 965; x_wconf 91' lang='lat' dir='ltr'>sub</span> <span class='ocrx_word' id='word_1_90' title='bbox 577 925 726 973; x_wconf 89' lang='lat' dir='ltr'>coelo,</span> <span class='ocrx_word' id='word_1_91' title='bbox 767 924 811 965; x_wconf 87' lang='grc'>111</span> <span class='ocrx_word' id='word_1_92' title='bbox 846 927 1222 978; x_wconf 82' lang='lat' dir='ltr'>congregationem</span> <span class='ocrx_word' id='word_1_93' title='bbox 1249 942 1401 976; x_wconf 80' lang='lat' dir='ltr'>unam,</span> <span class='ocrx_word' id='word_1_94' title='bbox 1441 938 1481 968; x_wconf 88' lang='lat' dir='ltr'>et</span> 
     </span>
     <span class='ocr_line' id='line_1_12' title="bbox 61 1000 1479 1057; baseline 0.004 -16"><span class='ocrx_word' id='word_1_95' title='bbox 61 1013 260 1057; x_wconf 80' lang='lat' dir='ltr'>appareat</span> <span class='ocrx_word' id='word_1_96' title='bbox 299 1000 428 1044; x_wconf 81' lang='lat' dir='ltr'>arida.</span> <span class='ocrx_word' id='word_1_97' title='bbox 495 1002 552 1043; x_wconf 91' lang='lat' dir='ltr'>Et</span> <span class='ocrx_word' id='word_1_98' title='bbox 590 1003 748 1043; x_wconf 83' lang='lat' dir='ltr'>factum</span> <span class='ocrx_word' id='word_1_99' title='bbox 792 1014 850 1044; x_wconf 87' lang='lat' dir='ltr'>est</span> <span class='ocrx_word' id='word_1_100' title='bbox 889 1003 983 1045; x_wconf 82' lang='lat' dir='ltr'>ita.“</span> <span class='ocrx_word' id='word_1_101' title='bbox 1052 1003 1144 1045; x_wconf 89' lang='lat' dir='ltr'>Nos</span> <span class='ocrx_word' id='word_1_102' title='bbox 1176 1019 1276 1056; x_wconf 89' lang='lat' dir='ltr'>ergo</span> <span class='ocrx_word' id='word_1_103' title='bbox 1306 1005 1479 1046; x_wconf 83' lang='lat' dir='ltr'>labore-</span> 
     </span>
     <span class='ocr_line' id='line_1_13' title="bbox 57 1079 1478 1138; baseline 0.002 -19"><span class='ocrx_word' id='word_1_104' title='bbox 57 1095 149 1120; x_wconf 87' lang='lat' dir='ltr'>mus</span> <span class='ocrx_word' id='word_1_105' title='bbox 182 1094 435 1131; x_wconf 84' lang='lat' dir='ltr'>congregare</span> <span class='ocrx_word' id='word_1_106' title='bbox 463 1095 642 1134; x_wconf 83' lang='lat' dir='ltr'>aquam,</span> <span class='ocrx_word' id='word_1_107' title='bbox 687 1096 796 1136; x_wconf 86' lang='lat' dir='ltr'>quae</span> <span class='ocrx_word' id='word_1_108' title='bbox 836 1091 895 1121; x_wconf 86' lang='lat' dir='ltr'>est</span> <span class='ocrx_word' id='word_1_109' title='bbox 922 1081 1001 1121; x_wconf 87' lang='lat' dir='ltr'>sub</span> <span class='ocrx_word' id='word_1_110' title='bbox 1034 1081 1182 1130; x_wconf 86' lang='lat' dir='ltr'>coelo,</span> <span class='ocrx_word' id='word_1_111' title='bbox 1223 1091 1263 1121; x_wconf 88' lang='lat' dir='ltr'>et</span> <span class='ocrx_word' id='word_1_112' title='bbox 1292 1079 1478 1138; x_wconf 87' lang='lat' dir='ltr'>abjicere</span> 
     </span>
     <span class='ocr_line' id='line_1_14' title="bbox 57 1156 1477 1213; baseline 0.001 -17"><span class='ocrx_word' id='word_1_113' title='bbox 57 1171 148 1197; x_wconf 82' lang='lat' dir='ltr'>eam</span> <span class='ocrx_word' id='word_1_114' title='bbox 179 1172 202 1196; x_wconf 88' lang='lat' dir='ltr'>a</span> <span class='ocrx_word' id='word_1_115' title='bbox 231 1156 378 1205; x_wconf 87' lang='lat' dir='ltr'>nobis,</span> <span class='ocrx_word' id='word_1_116' title='bbox 416 1167 464 1196; x_wconf 88' lang='lat' dir='ltr'>ut</span> <span class='ocrx_word' id='word_1_117' title='bbox 494 1172 592 1197; x_wconf 89' lang='grc'>011111</span> <span class='ocrx_word' id='word_1_118' title='bbox 625 1156 706 1198; x_wconf 88' lang='grc'>1100</span> <span class='ocrx_word' id='word_1_119' title='bbox 734 1159 893 1198; x_wconf 83' lang='lat' dir='ltr'>factum</span> <span class='ocrx_word' id='word_1_120' title='bbox 924 1157 1071 1208; x_wconf 83' lang='lat' dir='ltr'>fuerit,</span> <span class='ocrx_word' id='word_1_121' title='bbox 1102 1169 1307 1213; x_wconf 84' lang='lat' dir='ltr'>appareat</span> <span class='ocrx_word' id='word_1_122' title='bbox 1336 1157 1477 1199; x_wconf 84' lang='lat' dir='ltr'>arida:</span> 
     </span>
     <span class='ocr_line' id='line_1_15' title="bbox 56 1233 1476 1290; baseline 0.001 -16"><span class='ocrx_word' id='word_1_123' title='bbox 56 1249 165 1288; x_wconf 88' lang='lat' dir='ltr'>quae</span> <span class='ocrx_word' id='word_1_124' title='bbox 202 1245 300 1275; x_wconf 88' lang='lat' dir='ltr'>sunt</span> <span class='ocrx_word' id='word_1_125' title='bbox 336 1233 383 1275; x_wconf 89' lang='lat' dir='ltr'>in</span> <span class='ocrx_word' id='word_1_126' title='bbox 420 1249 548 1274; x_wconf 77' lang='lat' dir='ltr'>carne</span> <span class='ocrx_word' id='word_1_127' title='bbox 588 1245 697 1284; x_wconf 86' lang='lat' dir='ltr'>gesta</span> <span class='ocrx_word' id='word_1_128' title='bbox 740 1250 872 1289; x_wconf 89' lang='lat' dir='ltr'>opera</span> <span class='ocrx_word' id='word_1_129' title='bbox 901 1245 1070 1284; x_wconf 86' lang='lat' dir='ltr'>nostra,</span> <span class='ocrx_word' id='word_1_130' title='bbox 1110 1240 1197 1290; x_wconf 83' lang='lat' dir='ltr'>q‘uo</span> <span class='ocrx_word' id='word_1_131' title='bbox 1230 1235 1386 1276; x_wconf 85' lang='lat' dir='ltr'>scilicet</span> <span class='ocrx_word' id='word_1_132' title='bbox 1415 1236 1476 1277; x_wconf 83' lang='lat' dir='ltr'>vi-</span> 
     </span>
     <span class='ocr_line' id='line_1_16' title="bbox 56 1310 1475 1367; baseline 0.001 -16"><span class='ocrx_word' id='word_1_133' title='bbox 56 1313 199 1352; x_wconf 78' lang='lat' dir='ltr'>dentes</span> <span class='ocrx_word' id='word_1_134' title='bbox 218 1311 262 1363; x_wconf 77' lang='lat'>5)</span> <span class='ocrx_word' id='word_1_135' title='bbox 304 1310 498 1352; x_wconf 84' lang='lat' dir='ltr'>homines</span> <span class='ocrx_word' id='word_1_136' title='bbox 531 1326 663 1366; x_wconf 86' lang='lat' dir='ltr'>opera</span> <span class='ocrx_word' id='word_1_137' title='bbox 691 1323 836 1352; x_wconf 86' lang='lat' dir='ltr'>nostra</span> <span class='ocrx_word' id='word_1_138' title='bbox 865 1313 1003 1361; x_wconf 88' lang='lat' dir='ltr'>bona,</span> <span class='ocrx_word' id='word_1_139' title='bbox 1043 1312 1282 1363; x_wconf 84' lang='lat' dir='ltr'>glorificent</span> <span class='ocrx_word' id='word_1_140' title='bbox 1307 1323 1475 1367; x_wconf 87' lang='lat' dir='ltr'>patrem</span> 
     </span>
     <span class='ocr_line' id='line_1_17' title="bbox 53 1386 1475 1444; baseline 0.001 -17"><span class='ocrx_word' id='word_1_141' title='bbox 53 1398 272 1437; x_wconf 83' lang='lat' dir='ltr'>nostrum,</span> <span class='ocrx_word' id='word_1_142' title='bbox 318 1386 391 1442; x_wconf 89' lang='lat' dir='ltr'>qui</span> <span class='ocrx_word' id='word_1_143' title='bbox 430 1386 475 1427; x_wconf 86' lang='lat' dir='ltr'>in</span> <span class='ocrx_word' id='word_1_144' title='bbox 515 1386 643 1427; x_wconf 87' lang='lat' dir='ltr'>coelis</span> <span class='ocrx_word' id='word_1_145' title='bbox 683 1398 751 1429; x_wconf 86' lang='lat' dir='ltr'>est.</span> <span class='ocrx_word' id='word_1_146' title='bbox 823 1386 869 1428; x_wconf 87' lang='lat' dir='ltr'>Si</span> <span class='ocrx_word' id='word_1_147' title='bbox 899 1387 1012 1428; x_wconf 82' lang='lat' dir='ltr'>enim</span> <span class='ocrx_word' id='word_1_148' title='bbox 1044 1404 1173 1444; x_wconf 81' lang='lat' dir='ltr'>aquas</span> <span class='ocrx_word' id='word_1_149' title='bbox 1201 1388 1320 1439; x_wconf 88' lang='lat' dir='ltr'>istas,</span> <span class='ocrx_word' id='word_1_150' title='bbox 1364 1404 1475 1444; x_wconf 85' lang='lat' dir='ltr'>quae</span> 
     </span>
     <span class='ocr_line' id='line_1_18' title="bbox 52 1464 1472 1520; baseline 0.001 -17"><span class='ocrx_word' id='word_1_151' title='bbox 52 1475 150 1504; x_wconf 87' lang='lat' dir='ltr'>sunt</span> <span class='ocrx_word' id='word_1_152' title='bbox 177 1465 256 1505; x_wconf 90' lang='lat' dir='ltr'>sub</span> <span class='ocrx_word' id='word_1_153' title='bbox 289 1465 434 1513; x_wconf 87' lang='lat' dir='ltr'>coelo,</span> <span class='ocrx_word' id='word_1_154' title='bbox 462 1480 555 1505; x_wconf 88' lang='lat' dir='ltr'>non</span> <span class='ocrx_word' id='word_1_155' title='bbox 582 1464 916 1520; x_wconf 78' lang='lat' dir='ltr'>separaverimus</span> <span class='ocrx_word' id='word_1_156' title='bbox 947 1481 970 1505; x_wconf 85' lang='lat' dir='ltr'>a</span> <span class='ocrx_word' id='word_1_157' title='bbox 999 1465 1150 1514; x_wconf 86' lang='lat' dir='ltr'>nohis,</span> <span class='ocrx_word' id='word_1_158' title='bbox 1178 1464 1225 1506; x_wconf 84' lang='lat' dir='ltr'>id</span> <span class='ocrx_word' id='word_1_159' title='bbox 1254 1477 1331 1515; x_wconf 87' lang='lat' dir='ltr'>est,</span> <span class='ocrx_word' id='word_1_160' title='bbox 1370 1481 1472 1520; x_wconf 88' lang='lat' dir='ltr'>pec—</span> 
     </span>
     <span class='ocr_line' id='line_1_19' title="bbox 56 1531 1472 1596; baseline 0.002 -17"><span class='ocrx_word' id='word_1_161' title='bbox 56 1550 146 1580; x_wconf 79' lang='lat' dir='ltr'>cata</span> <span class='ocrx_word' id='word_1_162' title='bbox 177 1551 216 1580; x_wconf 86' lang='lat' dir='ltr'>et</span> <span class='ocrx_word' id='word_1_163' title='bbox 245 1540 345 1582; x_wconf 84' lang='lat' dir='ltr'>vitia</span> <span class='ocrx_word' id='word_1_164' title='bbox 375 1531 567 1595; x_wconf 57' lang='lat' dir='ltr'>corp&#39;oris</span> <span class='ocrx_word' id='word_1_165' title='bbox 597 1540 743 1590; x_wconf 83' lang='lat' dir='ltr'>nostri,</span> <span class='ocrx_word' id='word_1_166' title='bbox 773 1540 890 1582; x_wconf 84' lang='lat' dir='ltr'>arida</span> <span class='ocrx_word' id='word_1_167' title='bbox 910 1553 1057 1582; x_wconf 72' lang='lat' dir='ltr'>nostra</span> <span class='ocrx_word' id='word_1_168' title='bbox 1085 1557 1177 1582; x_wconf 87' lang='lat' dir='ltr'>non</span> <span class='ocrx_word' id='word_1_169' title='bbox 1205 1541 1364 1596; x_wconf 87' lang='lat' dir='ltr'>poterit</span> <span class='ocrx_word' id='word_1_170' title='bbox 1394 1558 1472 1596; x_wconf 85' lang='lat' dir='ltr'>ap-</span> 
     </span>
     <span class='ocr_line' id='line_1_20' title="bbox 52 1616 1470 1673; baseline 0 -15"><span class='ocrx_word' id='word_1_171' title='bbox 52 1633 219 1673; x_wconf 86' lang='lat' dir='ltr'>parere,</span> <span class='ocrx_word' id='word_1_172' title='bbox 246 1633 327 1658; x_wconf 87' lang='lat' dir='ltr'>nec</span> <span class='ocrx_word' id='word_1_173' title='bbox 355 1618 513 1658; x_wconf 81' lang='lat' dir='ltr'>habere</span> <span class='ocrx_word' id='word_1_174' title='bbox 542 1616 744 1658; x_wconf 84' lang='lat' dir='ltr'>fiduciam</span> <span class='ocrx_word' id='word_1_175' title='bbox 772 1617 1039 1672; x_wconf 85' lang='lat' dir='ltr'>procedendi</span> <span class='ocrx_word' id='word_1_176' title='bbox 1080 1619 1135 1659; x_wconf 85' lang='lat' dir='ltr'>ad</span> <span class='ocrx_word' id='word_1_177' title='bbox 1164 1619 1317 1661; x_wconf 85' lang='lat' dir='ltr'>lucem.</span> <span class='ocrx_word' id='word_1_178' title='bbox 1376 1617 1470 1667; x_wconf 86' lang='lat'>„0-</span> 
     </span>
     <span class='ocr_line' id='line_1_21' title="bbox 52 1693 1471 1750; baseline 0.001 -15"><span class='ocrx_word' id='word_1_179' title='bbox 52 1695 158 1735; x_wconf 89' lang='lat' dir='ltr'>mnis</span> <span class='ocrx_word' id='word_1_180' title='bbox 177 1694 221 1750; x_wconf 77' lang='grc'>6)</span> <span class='ocrx_word' id='word_1_181' title='bbox 253 1695 380 1745; x_wconf 88' lang='lat' dir='ltr'>enim,</span> <span class='ocrx_word' id='word_1_182' title='bbox 410 1695 484 1750; x_wconf 90' lang='lat' dir='ltr'>qui</span> <span class='ocrx_word' id='word_1_183' title='bbox 513 1696 624 1736; x_wconf 84' lang='lat' dir='ltr'>male</span> <span class='ocrx_word' id='word_1_184' title='bbox 653 1695 748 1747; x_wconf 87' lang='lat' dir='ltr'>agit,</span> <span class='ocrx_word' id='word_1_185' title='bbox 780 1695 872 1736; x_wconf 87' lang='lat' dir='ltr'>odit</span> <span class='ocrx_word' id='word_1_186' title='bbox 900 1695 1054 1745; x_wconf 86' lang='lat' dir='ltr'>lucem,</span> <span class='ocrx_word' id='word_1_187' title='bbox 1085 1707 1125 1736; x_wconf 88' lang='lat' dir='ltr'>et</span> <span class='ocrx_word' id='word_1_188' title='bbox 1152 1711 1245 1736; x_wconf 88' lang='lat' dir='ltr'>non</span> <span class='ocrx_word' id='word_1_189' title='bbox 1274 1693 1387 1736; x_wconf 86' lang='lat' dir='ltr'>venit</span> <span class='ocrx_word' id='word_1_190' title='bbox 1416 1695 1471 1736; x_wconf 87' lang='lat' dir='ltr'>ad</span> 
     </span>
     <span class='ocr_line' id='line_1_22' title="bbox 49 1770 1470 1829; baseline 0 -16"><span class='ocrx_word' id='word_1_191' title='bbox 49 1772 211 1821; x_wconf 90' lang='lat' dir='ltr'>lucem,</span> <span class='ocrx_word' id='word_1_192' title='bbox 239 1770 344 1822; x_wconf 81' lang='lat' dir='ltr'>ut7)</span> <span class='ocrx_word' id='word_1_193' title='bbox 375 1789 467 1814; x_wconf 91' lang='lat' dir='ltr'>non</span> <span class='ocrx_word' id='word_1_194' title='bbox 495 1771 819 1813; x_wconf 82' lang='lat' dir='ltr'>manifestentur</span> <span class='ocrx_word' id='word_1_195' title='bbox 848 1788 981 1828; x_wconf 86' lang='lat' dir='ltr'>opera</span> <span class='ocrx_word' id='word_1_196' title='bbox 1011 1770 1122 1829; x_wconf 81' lang='lat' dir='ltr'>ejus,</span> <span class='ocrx_word' id='word_1_197' title='bbox 1167 1783 1206 1814; x_wconf 86' lang='lat' dir='ltr'>et</span> <span class='ocrx_word' id='word_1_198' title='bbox 1234 1771 1470 1822; x_wconf 84' lang='lat' dir='ltr'>videantur,</span> 
     </span>
     <span class='ocr_line' id='line_1_23' title="bbox 50 1848 1470 1905; baseline -0.001 -14"><span class='ocrx_word' id='word_1_199' title='bbox 50 1849 156 1891; x_wconf 86' lang='lat' dir='ltr'>siin</span> <span class='ocrx_word' id='word_1_200' title='bbox 187 1850 282 1892; x_wconf 88' lang='lat' dir='ltr'>Deo</span> <span class='ocrx_word' id='word_1_201' title='bbox 313 1861 411 1892; x_wconf 90' lang='lat' dir='ltr'>sunt</span> <span class='ocrx_word' id='word_1_202' title='bbox 449 1854 596 1902; x_wconf 83' lang='lat' dir='ltr'>gesta.“</span> <span class='ocrx_word' id='word_1_203' title='bbox 670 1848 795 1904; x_wconf 83' lang='lat' dir='ltr'>Quae</span> <span class='ocrx_word' id='word_1_204' title='bbox 833 1849 982 1905; x_wconf 88' lang='lat' dir='ltr'>utique</span> <span class='ocrx_word' id='word_1_205' title='bbox 1018 1848 1179 1891; x_wconf 82' lang='lat' dir='ltr'>fiducia</span> <span class='ocrx_word' id='word_1_206' title='bbox 1217 1865 1309 1891; x_wconf 89' lang='lat' dir='ltr'>non</span> <span class='ocrx_word' id='word_1_207' title='bbox 1350 1849 1470 1891; x_wconf 88' lang='lat' dir='ltr'>aliter</span> 
     </span>
     <span class='ocr_line' id='line_1_24' title="bbox 50 1925 1468 1982; baseline -0.001 -14"><span class='ocrx_word' id='word_1_208' title='bbox 50 1928 230 1978; x_wconf 84' lang='lat' dir='ltr'>dabitur,</span> <span class='ocrx_word' id='word_1_209' title='bbox 259 1928 339 1970; x_wconf 87' lang='lat' dir='ltr'>nisi</span> <span class='ocrx_word' id='word_1_210' title='bbox 367 1928 480 1969; x_wconf 77' lang='lat' dir='ltr'>velut</span> <span class='ocrx_word' id='word_1_211' title='bbox 508 1943 637 1982; x_wconf 86' lang='lat' dir='ltr'>aquas</span> <span class='ocrx_word' id='word_1_212' title='bbox 662 1925 911 1982; x_wconf 81' lang='lat' dir='ltr'>abjiciamus</span> <span class='ocrx_word' id='word_1_213' title='bbox 940 1944 963 1968; x_wconf 87' lang='lat' dir='ltr'>a</span> <span class='ocrx_word' id='word_1_214' title='bbox 985 1926 1112 1968; x_wconf 85' lang='lat' dir='ltr'>nobis</span> <span class='ocrx_word' id='word_1_215' title='bbox 1137 1938 1177 1968; x_wconf 90' lang='lat' dir='ltr'>et</span> <span class='ocrx_word' id='word_1_216' title='bbox 1204 1941 1468 1979; x_wconf 83' lang='lat' dir='ltr'>segregemus</span> 
     </span>
     <span class='ocr_line' id='line_1_25' title="bbox 48 2002 1467 2060; baseline -0.001 -15"><span class='ocrx_word' id='word_1_217' title='bbox 48 2004 147 2046; x_wconf 87' lang='lat' dir='ltr'>vitia</span> <span class='ocrx_word' id='word_1_218' title='bbox 178 2004 384 2060; x_wconf 87' lang='lat' dir='ltr'>corporis,</span> <span class='ocrx_word' id='word_1_219' title='bbox 413 2020 523 2060; x_wconf 85' lang='lat' dir='ltr'>quae</span> <span class='ocrx_word' id='word_1_220' title='bbox 550 2015 650 2045; x_wconf 87' lang='lat' dir='ltr'>sunt</span> <span class='ocrx_word' id='word_1_221' title='bbox 677 2004 880 2045; x_wconf 82' lang='lat' dir='ltr'>materiae</span> <span class='ocrx_word' id='word_1_222' title='bbox 906 2015 1196 2060; x_wconf 84' lang='lat' dir='ltr'>peccatorum.</span> <span class='ocrx_word' id='word_1_223' title='bbox 1270 2002 1372 2057; x_wconf 84' lang='lat' dir='ltr'>Quo</span> <span class='ocrx_word' id='word_1_224' title='bbox 1403 2003 1467 2044; x_wconf 86' lang='lat' dir='ltr'>fa-</span> 
     </span>
     <span class='ocr_line' id='line_1_26' title="bbox 48 2079 1466 2139; baseline -0.002 -16"><span class='ocrx_word' id='word_1_225' title='bbox 48 2094 116 2123; x_wconf 90' lang='lat' dir='ltr'>cto</span> <span class='ocrx_word' id='word_1_226' title='bbox 147 2081 233 2139; x_wconf 83' lang='lat' dir='ltr'>jam</span> <span class='ocrx_word' id='word_1_227' title='bbox 265 2082 382 2123; x_wconf 84' lang='lat' dir='ltr'>arida</span> <span class='ocrx_word' id='word_1_228' title='bbox 410 2092 555 2123; x_wconf 83' lang='lat' dir='ltr'>nostra</span> <span class='ocrx_word' id='word_1_229' title='bbox 582 2098 674 2122; x_wconf 91' lang='lat' dir='ltr'>non</span> <span class='ocrx_word' id='word_1_230' title='bbox 701 2081 969 2136; x_wconf 87' lang='lat' dir='ltr'>permanebit</span> <span class='ocrx_word' id='word_1_231' title='bbox 993 2081 1125 2131; x_wconf 87' lang='lat' dir='ltr'>arida,</span> <span class='ocrx_word' id='word_1_232' title='bbox 1153 2079 1258 2121; x_wconf 85' lang='lat' dir='ltr'>sicut</span> <span class='ocrx_word' id='word_1_233' title='bbox 1287 2096 1336 2120; x_wconf 83' lang='lat' dir='ltr'>ex</span> <span class='ocrx_word' id='word_1_234' title='bbox 1360 2095 1466 2121; x_wconf 80' lang='lat' dir='ltr'>con-</span> 
     </span>
     <span class='ocr_line' id='line_1_27' title="bbox 45 2157 1467 2215; baseline -0.003 -13"><span class='ocrx_word' id='word_1_235' title='bbox 45 2159 314 2215; x_wconf 84' lang='lat' dir='ltr'>sequentibus</span> <span class='ocrx_word' id='word_1_236' title='bbox 356 2157 599 2199; x_wconf 84' lang='lat' dir='ltr'>ostenditur.</span> <span class='ocrx_word' id='word_1_237' title='bbox 667 2157 737 2198; x_wconf 90' lang='lat' dir='ltr'>Ait</span> <span class='ocrx_word' id='word_1_238' title='bbox 777 2157 912 2199; x_wconf 88' lang='lat' dir='ltr'>enim:</span> <span class='ocrx_word' id='word_1_239' title='bbox 949 2170 1017 2208; x_wconf 90' lang='lat' dir='ltr'>„et</span> <span class='ocrx_word' id='word_1_240' title='bbox 1032 2157 1077 2214; x_wconf 85' lang='grc'>8)</span> <span class='ocrx_word' id='word_1_241' title='bbox 1117 2159 1368 2209; x_wconf 84' lang='lat' dir='ltr'>congregata</span> <span class='ocrx_word' id='word_1_242' title='bbox 1408 2167 1467 2198; x_wconf 85' lang='lat' dir='ltr'>est</span> 
     </span>
    </p>
   </div>
   <div class='ocr_carea' id='block_1_3' title="bbox 25 2234 1463 2294">
    <p class='ocr_par' dir='ltr' id='par_1_3' title="bbox 25 2234 1463 2294">
     <span class='ocr_line' id='line_1_28' title="bbox 25 2234 1463 2294; baseline -0.003 -15"><span class='ocrx_word' id='word_1_243' title='bbox 25 2253 169 2294; x_wconf 80' lang='lat' dir='ltr'>·aqua,</span> <span class='ocrx_word' id='word_1_244' title='bbox 201 2252 310 2293; x_wconf 87' lang='lat' dir='ltr'>quae</span> <span class='ocrx_word' id='word_1_245' title='bbox 339 2247 400 2277; x_wconf 82' lang='lat' dir='ltr'>est</span> <span class='ocrx_word' id='word_1_246' title='bbox 427 2236 506 2277; x_wconf 88' lang='lat' dir='ltr'>sub</span> <span class='ocrx_word' id='word_1_247' title='bbox 539 2236 687 2287; x_wconf 87' lang='lat' dir='ltr'>coelo,</span> <span class='ocrx_word' id='word_1_248' title='bbox 713 2234 758 2276; x_wconf 87' lang='lat' dir='ltr'>in</span> <span class='ocrx_word' id='word_1_249' title='bbox 790 2235 1134 2289; x_wconf 87' lang='lat' dir='ltr'>congregationes</span> <span class='ocrx_word' id='word_1_250' title='bbox 1161 2251 1279 2286; x_wconf 85' lang='lat' dir='ltr'>suas,</span> <span class='ocrx_word' id='word_1_251' title='bbox 1318 2245 1358 2276; x_wconf 88' lang='lat' dir='ltr'>et</span> <span class='ocrx_word' id='word_1_252' title='bbox 1387 2250 1463 2290; x_wconf 87' lang='lat' dir='ltr'>ap·-</span> 
     </span>
    </p>
   </div>
   <div class='ocr_carea' id='block_1_4' title="bbox 46 2397 1460 2721">
    <p class='ocr_par' dir='ltr' id='par_1_4' title="bbox 46 2397 1460 2650">
     <span class='ocr_line' id='line_1_29' title="bbox 167 2397 646 2453; baseline -0.004 -13"><span class='ocrx_word' id='word_1_253' title='bbox 167 2398 210 2453; x_wconf 88' lang='lat'>¹)</span> <span class='ocrx_word' id='word_1_254' title='bbox 242 2397 404 2440; x_wconf 86' lang='lat' dir='ltr'>Coloss.</span> <span class='ocrx_word' id='word_1_255' title='bbox 434 2397 509 2448; x_wconf 84' lang='lat' dir='ltr'>III,</span> <span class='ocrx_word' id='word_1_256' title='bbox 537 2397 577 2440; x_wconf 88' lang='lat'>1.</span> <span class='ocrx_word' id='word_1_257' title='bbox 605 2398 646 2440; x_wconf 82' lang='grc'>2.</span> 
     </span>
     <span class='ocr_line' id='line_1_30' title="bbox 71 2466 1460 2565; baseline 0 -55"><span class='ocrx_word' id='word_1_258' title='bbox 71 2525 81 2535; x_wconf 53' lang='lat'><strong>·</strong></span> <span class='ocrx_word' id='word_1_259' title='bbox 115 2530 139 2549; x_wconf 56' lang='lat' dir='ltr'>ss</span> <span class='ocrx_word' id='word_1_260' title='bbox 160 2469 208 2565; x_wconf 52' lang='grc' dir='ltr'>ἶ)</span> <span class='ocrx_word' id='word_1_261' title='bbox 235 2469 334 2512; x_wconf 87' lang='lat' dir='ltr'>Mss.</span> <span class='ocrx_word' id='word_1_262' title='bbox 362 2467 582 2519; x_wconf 87' lang='lat' dir='ltr'>„dicitur.“</span> <span class='ocrx_word' id='word_1_263' title='bbox 655 2466 774 2509; x_wconf 85' lang='lat' dir='ltr'>Libri</span> <span class='ocrx_word' id='word_1_264' title='bbox 804 2467 902 2510; x_wconf 84' lang='lat' dir='ltr'>editi</span> <span class='ocrx_word' id='word_1_265' title='bbox 933 2467 991 2525; x_wconf 82' lang='lat' dir='ltr'>(e.</span> <span class='ocrx_word' id='word_1_266' title='bbox 1024 2483 1059 2508; x_wconf 91' lang='grc'>0.</span> <span class='ocrx_word' id='word_1_267' title='bbox 1089 2467 1185 2509; x_wconf 82' lang='lat' dir='ltr'>edd.</span> <span class='ocrx_word' id='word_1_268' title='bbox 1215 2466 1322 2522; x_wconf 38' lang='lat' dir='ltr'>MA)</span> <span class='ocrx_word' id='word_1_269' title='bbox 1366 2467 1460 2519; x_wconf 84' lang='lat' dir='ltr'>„di-</span> 
     </span>
     <span class='ocr_line' id='line_1_31' title="bbox 46 2537 998 2650; baseline 0 -14"><span class='ocrx_word' id='word_1_270' title='bbox 46 2537 111 2567; x_wconf 60' lang='lat'>⁰¹⁸·</span> <span class='ocrx_word' id='word_1_271' title='bbox 160 2557 218 2650; x_wconf 49' lang='grc'>3).</span> <span class='ocrx_word' id='word_1_272' title='bbox 240 2595 389 2638; x_wconf 88' lang='lat' dir='ltr'>Genes.</span> <span class='ocrx_word' id='word_1_273' title='bbox 418 2595 451 2645; x_wconf 91' lang='lat' dir='ltr'>I,</span> <span class='ocrx_word' id='word_1_274' title='bbox 480 2595 520 2638; x_wconf 87' lang='grc'>8.</span> <span class='ocrx_word' id='word_1_275' title='bbox 637 2595 683 2650; x_wconf 65' lang='grc'>4)</span> <span class='ocrx_word' id='word_1_276' title='bbox 717 2594 868 2637; x_wconf 79' lang='lat' dir='ltr'>Genes.</span> <span class='ocrx_word' id='word_1_277' title='bbox 897 2594 930 2644; x_wconf 84' lang='grc' dir='ltr'>Ῐ,</span> <span class='ocrx_word' id='word_1_278' title='bbox 959 2594 998 2636; x_wconf 88' lang='grc'>9.</span> 
     </span>
    </p>

    <p class='ocr_par' dir='ltr' id='par_1_5' title="bbox 162 2663 1455 2721">
     <span class='ocr_line' id='line_1_32' title="bbox 162 2663 1455 2721; baseline -0.001 -15"><span class='ocrx_word' id='word_1_279' title='bbox 162 2665 206 2720; x_wconf 79' lang='grc'>5)</span> <span class='ocrx_word' id='word_1_280' title='bbox 236 2666 386 2710; x_wconf 73' lang='lat' dir='ltr'>Matth.</span> <span class='ocrx_word' id='word_1_281' title='bbox 414 2666 467 2717; x_wconf 87' lang='lat' dir='ltr'>V,</span> <span class='ocrx_word' id='word_1_282' title='bbox 499 2667 566 2710; x_wconf 86' lang='grc'>16.</span> <span class='ocrx_word' id='word_1_283' title='bbox 692 2666 738 2721; x_wconf 81' lang='lat'>⁶)</span> <span class='ocrx_word' id='word_1_284' title='bbox 769 2666 843 2706; x_wconf 91' lang='lat' dir='ltr'>Ev.</span> <span class='ocrx_word' id='word_1_285' title='bbox 871 2665 1030 2706; x_wconf 85' lang='lat' dir='ltr'>Joann.</span> <span class='ocrx_word' id='word_1_286' title='bbox 1061 2663 1135 2715; x_wconf 82' lang='lat' dir='ltr'>III,</span> <span class='ocrx_word' id='word_1_287' title='bbox 1165 2664 1232 2706; x_wconf 81' lang='lat'>20.</span> <span class='ocrx_word' id='word_1_288' title='bbox 1264 2664 1358 2705; x_wconf 86' lang='lat' dir='ltr'>coll.</span> <span class='ocrx_word' id='word_1_289' title='bbox 1387 2663 1455 2706; x_wconf 83' lang='lat'>21.</span> 
     </span>
    </p>
   </div>
   <div class='ocr_carea' id='block_1_5' title="bbox 43 2732 1456 2849">
    <p class='ocr_par' dir='ltr' id='par_1_6' title="bbox 43 2732 1456 2849">
     <span class='ocr_line' id='line_1_33' title="bbox 159 2732 1456 2792; baseline -0.002 -17"><span class='ocrx_word' id='word_1_290' title='bbox 159 2734 205 2790; x_wconf 84' lang='lat'>⁷)</span> <span class='ocrx_word' id='word_1_291' title='bbox 236 2736 351 2777; x_wconf 87' lang='lat' dir='ltr'>Libri</span> <span class='ocrx_word' id='word_1_292' title='bbox 381 2748 500 2779; x_wconf 78' lang='lat' dir='ltr'>antea</span> <span class='ocrx_word' id='word_1_293' title='bbox 532 2736 631 2778; x_wconf 83' lang='lat' dir='ltr'>editi</span> <span class='ocrx_word' id='word_1_294' title='bbox 661 2736 719 2792; x_wconf 81' lang='lat' dir='ltr'>(v.</span> <span class='ocrx_word' id='word_1_295' title='bbox 754 2754 787 2776; x_wconf 79' lang='lat' dir='ltr'>c.</span> <span class='ocrx_word' id='word_1_296' title='bbox 819 2736 912 2777; x_wconf 84' lang='lat' dir='ltr'>edd.</span> <span class='ocrx_word' id='word_1_297' title='bbox 945 2733 1053 2787; x_wconf 83' lang='lat' dir='ltr'>M.):</span> <span class='ocrx_word' id='word_1_298' title='bbox 1095 2745 1166 2782; x_wconf 89' lang='lat' dir='ltr'>„ut</span> <span class='ocrx_word' id='word_1_299' title='bbox 1202 2732 1246 2773; x_wconf 88' lang='lat' dir='ltr'>in</span> <span class='ocrx_word' id='word_1_300' title='bbox 1286 2748 1335 2773; x_wconf 88' lang='lat' dir='ltr'>ea</span> <span class='ocrx_word' id='word_1_301' title='bbox 1364 2749 1456 2773; x_wconf 71' lang='lat' dir='ltr'>ma·-</span> 
     </span>
     <span class='ocr_line' id='line_1_34' title="bbox 43 2788 1408 2849; baseline -0.002 -15"><span class='ocrx_word' id='word_1_302' title='bbox 43 2792 314 2834; x_wconf 75' lang='lat' dir='ltr'>niscstentur“</span> <span class='ocrx_word' id='word_1_303' title='bbox 345 2804 432 2844; x_wconf 63' lang='lat' dir='ltr'>etc„</span> <span class='ocrx_word' id='word_1_304' title='bbox 462 2806 503 2835; x_wconf 89' lang='lat' dir='ltr'>at</span> <span class='ocrx_word' id='word_1_305' title='bbox 533 2805 716 2849; x_wconf 86' lang='lat' dir='ltr'>quatuor</span> <span class='ocrx_word' id='word_1_306' title='bbox 747 2793 845 2834; x_wconf 83' lang='lat' dir='ltr'>Mss.</span> <span class='ocrx_word' id='word_1_307' title='bbox 874 2802 921 2831; x_wconf 87' lang='lat' dir='ltr'>ut</span> <span class='ocrx_word' id='word_1_308' title='bbox 948 2790 993 2831; x_wconf 85' lang='grc'>111</span> <span class='ocrx_word' id='word_1_309' title='bbox 1022 2801 1170 2832; x_wconf 83' lang='lat' dir='ltr'>nostro</span> <span class='ocrx_word' id='word_1_310' title='bbox 1201 2800 1326 2830; x_wconf 78' lang='lat' dir='ltr'>textu.</span> <span class='ocrx_word' id='word_1_311' title='bbox 1359 2788 1408 2831; x_wconf 80' lang='lat' dir='ltr'>R.</span> 
     </span>
    </p>
   </div>
   <div class='ocr_carea' id='block_1_6' title="bbox 155 2861 609 2918">
    <p class='ocr_par' dir='ltr' id='par_1_7' title="bbox 155 2861 609 2918">
     <span class='ocr_line' id='line_1_35' title="bbox 155 2861 609 2918; baseline 0.002 -15"><span class='ocrx_word' id='word_1_312' title='bbox 155 2862 201 2918; x_wconf 61' lang='grc' dir='ltr'>Β)</span> <span class='ocrx_word' id='word_1_313' title='bbox 235 2861 384 2906; x_wconf 83' lang='lat' dir='ltr'>Genes.</span> <span class='ocrx_word' id='word_1_314' title='bbox 415 2863 445 2912; x_wconf 83' lang='lat' dir='ltr'>I,</span> <span class='ocrx_word' id='word_1_315' title='bbox 474 2862 511 2904; x_wconf 87' lang='lat'>9.</span> <span class='ocrx_word' id='word_1_316' title='bbox 542 2865 609 2905; x_wconf 75' lang='lat'>10.</span> 
     </span>
    </p>
   </div>
  </div>
 </body>
</html>
