1764 3096
230 42 314 88 184
835 45 1058 88 OR1GEMS

230 153 489 211 dicentur¹)
517 156 562 198 in
592 167 634 198 te
665 172 813 199 omnes
844 170 984 210 gentes
997 162 1033 198 :“
1072 169 1215 199 tamen
1245 157 1289 200 in
1319 158 1435 202 Isaac
1467 162 1504 203 ei
1532 164 1658 218 poni-

230 242 300 271 tur
328 233 615 290 repromissi0‚
644 234 690 277 id
720 247 792 285 cst,
822 235 866 276 in
899 234 1094 278 Christo:
1136 237 1243 279 sicut
1274 237 1375 279 dicit
1404 239 1659 295 Apostolus:

229 323 350 359 „non
365 307 411 365 ²)
444 309 567 352 dixit:
596 323 636 353 et
663 311 915 355 seminibus:
947 314 1065 369 quasi
1097 314 1139 355 in
1170 315 1326 366 multis,
1355 317 1429 357 sed
1457 327 1661 371 tanquam

230 384 278 426 in
308 403 421 428 uno:
454 400 493 429 ct
521 388 673 430 semini
703 401 799 430 tuo:
838 390 911 445 qui
953 402 1010 432 est
1053 389 1283 434 Christus.“
1357 393 1489 435 Sanat
1517 405 1661 435 tamen

232 462 450 507 Dominus
483 466 745 517 Abimelccli,
777 479 817 508 et
845 484 1021 509 uxorem
1055 468 1154 525 ejus,
1186 481 1225 511 et
1256 471 1428 512 ancillas
1460 469 1561 528 ejus.

344 545 385 588 3.
415 545 579 590 Verum
608 561 698 586 non
729 545 835 586 mibi
864 546 1030 588 videtur
1062 547 1269 597 otiosum,
1313 549 1432 604 quod
1470 565 1560 590 non
1591 565 1660 590 so·-

232 619 326 661 lum
363 620 527 671 uxorIs,
565 624 640 663 sed
687 634 725 664 et
765 624 1014 665 ancillarum
1056 625 1309 666 Abimclech
1351 627 1512 667 mentio
1553 627 1662 668 sacta

235 708 308 747 est,
336 698 382 739 in
415 715 465 739 eo
495 699 697 751 maxime,
735 702 853 756 quod
884 701 996 752 dicit,
1027 702 1124 758 quia
1154 703 1401 760 ‚,sanavit³)
1433 719 1501 746 eas
1530 703 1664 754 Deus,

235 785 276 815 et
291 774 530 831 pariebant.
577 777 856 820 Concluserat
883 781 995 822 enim
1019 780 1124 830 illas,
1154 796 1208 821 ne
1229 785 1465 835 parerent.“
1512 779 1663 834 Quan-

233 863 327 894 tum
356 870 582 909 possumus
613 856 656 897 in
685 868 772 897 tam
805 856 1049 899 difficilibus
1078 857 1182 899 locis
1206 857 1372 908 sentire,
1402 869 1601 914 putamus
1618 856 1664 911 ²)

232 946 413 972 uxorem
454 932 705 974 Abimelech
746 935 985 976 naturalem
1035 952 1159 992 posse
1195 934 1518 992 philosophiam
1562 934 1663 989 dici;

236 1007 407 1050 ancillas
438 1025 539 1051 vero
571 1009 673 1068 ejus,
705 1010 866 1053 diversa
898 1023 938 1053 et
965 1029 1084 1064 vana,
1115 1030 1195 1070 pro
1221 1013 1423 1069 qualitate
1441 1024 1666 1062 sectarum,

237 1098 481 1128 commenta
523 1088 842 1144 dialecticae.⁵)
919 1090 1085 1132 Interea
1133 1091 1356 1133 Abraham
1394 1089 1664 1147 impertiri⁶)

238 1164 358 1221 cupit
389 1164 515 1207 etiam
547 1165 739 1217 gentibus
770 1166 937 1208 donum
968 1167 1133 1209 divinae
1161 1169 1335 1219 virtutis,
1363 1169 1436 1210 sed
1466 1167 1665 1208 nondum

237 1254 298 1284 est
324 1254 494 1299 tempus
535 1259 558 1283 a
597 1242 744 1299 priore
781 1245 949 1300 populo
989 1243 1169 1285 transire
1211 1246 1265 1287 ad
1304 1256 1443 1297 gentes
1488 1244 1665 1297 gratiam

234 1320 334 1362 Dei.
392 1321 504 1362 Nam
538 1331 577 1362 et
607 1323 862 1377 Apostolus,
903 1323 1002 1364 licet
1041 1323 1120 1363 sub
1153 1321 1233 1363 alia
1262 1322 1402 1378 specie
1433 1332 1473 1363 et
1501 1320 1581 1362 alia
1614 1322 1665 1363 fi-

235 1413 354 1451 gura,
385 1399 488 1441 dicit
515 1410 659 1441 tamen
689 1399 941 1452 „mulierem
960 1399 1001 1455 7)
1035 1401 1245 1452 alligatam
1274 1416 1360 1441 esse
1390 1398 1485 1454 legi,
1515 1416 1667 1456 quam-

236 1476 312 1518 diu
341 1477 406 1518 vir
436 1475 523 1534 ejus
553 1477 671 1529 vivit;
708 1477 742 1520 si
788 1489 929 1519 autem
968 1490 1163 1519 mortuus
1202 1478 1332 1519 fuerit
1360 1476 1443 1527 vir,
1484 1477 1667 1524 solutam

239 1570 327 1596 esse
356 1571 378 1596 a
409 1555 501 1608 lege
531 1554 629 1606 viri,
668 1567 715 1597 ut
755 1554 841 1612 jam
871 1573 964 1598 11011
1006 1555 1056 1597 sit
1087 1557 1302 1606 adultera,
1346 1555 1379 1597 si
1409 1555 1536 1597 fuerit
1568 1571 1666 1596 cum

238 1632 324 1675 alio
363 1631 495 1675 vir0.“
569 1632 754 1690 Oportet
792 1650 892 1687 ergo
930 1633 1042 1674 mori
1078 1633 1195 1689 prius
1234 1635 1369 1686 legem
1408 1633 1576 1686 literae,
1617 1643 1664 1672 ut

236 1708 296 1751 ita
328 1711 503 1751 demum
533 1710 668 1752 libera
705 1709 790 1768 jam
822 1711 961 1752 anima
991 1710 1157 1767 spiritui
1186 1711 1343 1759 nubat,
1384 1721 1423 1750 et
1460 1709 1562 1751 novi
1603 1720 1666 1750 te-

235 1788 434 1829 stamenti
462 1787 785 1829 matrimonium
805 1789 1018 1829 sortiatur.
1068 1787 1163 1828 Hoc
1185 1798 1338 1837 autem,
1368 1787 1412 1828 in
1438 1803 1524 1842 quo
1549 1803 1666 1827 nunc

237 1881 406 1915 sumus,
441 1876 610 1921 tempus
651 1877 710 1907 est
747 1866 980 1906 vocationis
1020 1864 1230 1917 gentium,
1286 1875 1326 1905 et
1363 1862 1514 1905 mortis
1552 1863 1667 1916 legis,

239 1958 326 1998 quo
378 1942 545 1998 possint
593 1943 752 1984 liberae
791 1942 976 1992 animae,
1030 1941 1116 1998 jam
1155 1943 1320 1984 solutae
1365 1957 1388 1982 a
1431 1942 1522 1992 lege
1575 1941 1667 1992 viri,

236 2036 354 2062 novo
384 2021 474 2063 viro
505 2021 696 2070 nubere,
729 2019 914 2063 Christo.
979 2019 1116 2074 Quod
1152 2020 1186 2061 si
1225 2017 1397 2060 edoceri
1435 2019 1515 2068 vis,
1555 2035 1663 2074 quo-

237 2100 373 2141 modo
414 2100 480 2140 lex
529 2110 700 2140 mortua
746 2097 819 2148 sit,
880 2096 1102 2139 considera
1152 2108 1192 2138 et
1238 2096 1355 2146 vide,
1425 2095 1502 2137 ubi
1549 2113 1667 2138 nunc

238 2177 462 2227 sacrificia,
511 2176 588 2218 ubi
635 2192 752 2217 nunc
799 2176 950 2225 altare,
999 2175 1074 2217 ubi
1121 2175 1352 2230 templum,
1400 2172 1476 2213 ubi
1514 2171 1664 2226 purifi-

241 2255 450 2305 cationes,
497 2253 573 2295 ubi
609 2251 852 2295 solemnitas
899 2253 1101 2308 paschae,
1149 2267 1298 2293 nonne
1328 2261 1500 2292 mortua
1530 2260 1588 2292 est
1617 2248 1663 2291 in

362 2450 406 2506 ¹)
437 2450 592 2492 Genes.
624 2449 767 2499 XXII,
796 2450 862 2493 18.
983 2449 1028 2504 ²)
1062 2448 1199 2491 Galat.
1231 2447 1304 2499 III,
1334 2447 1399 2490 16.

355 2520 405 2575 3)
437 2520 589 2563 Genes.
622 2520 721 2570 XX,
753 2521 817 2563 17.
851 2519 916 2562 18.

357 2591 404 2645 ⁴)
433 2592 546 2632 Edd.
576 2591 770 2632 Merlini:
800 2603 1010 2647 putemus.

360 2662 405 2718 ⁵)
436 2662 545 2703 Edd.
576 2660 768 2702 Merlini:
800 2660 1031 2702 dialectica.

359 2732 405 2786 6)
436 2734 548 2776 Edd.
581 2732 777 2774 Mei-lini:
807 2730 1032 2789 impartiri.

360 2802 405 2858 ⁷)
436 2803 560 2845 Rom.
594 2803 687 2854 VH,
715 2804 754 2847 2.
786 2804 825 2847 3.
