<?xml version="1.0" encoding="UTF-8"?>
<!DOCTYPE html PUBLIC "-//W3C//DTD XHTML 1.0 Transitional//EN"
    "http://www.w3.org/TR/xhtml1/DTD/xhtml1-transitional.dtd">
<html xmlns="http://www.w3.org/1999/xhtml" xml:lang="en" lang="en">
 <head>
  <title>
</title>
<meta http-equiv="Content-Type" content="text/html;charset=utf-8" />
  <meta name='ocr-system' content='tesseract 3.04.00' />
  <meta name='ocr-capabilities' content='ocr_page ocr_carea ocr_par ocr_line ocrx_word'/>
</head>
<body>
  <div class='ocr_page' id='page_1' title='image "./operaomniaquaegr08orig_0135.png"; bbox 0 0 1764 3096; ppageno 0'>
   <div class='ocr_carea' id='block_1_1' title="bbox 494 114 1487 164">
    <p class='ocr_par' dir='ltr' id='par_1_1' title="bbox 494 114 1487 164">
     <span class='ocr_line' id='line_1_1' title="bbox 494 114 1487 164; baseline -0.014 0"><span class='ocrx_word' id='word_1_1' title='bbox 494 134 542 164; x_wconf 77' lang='lat' dir='ltr'>m</span> <span class='ocrx_word' id='word_1_2' title='bbox 576 121 774 162; x_wconf 71' lang='lat' dir='ltr'>GENEsm</span> <span class='ocrx_word' id='word_1_3' title='bbox 805 116 1004 159; x_wconf 73' lang='lat' dir='ltr'>HommA</span> <span class='ocrx_word' id='word_1_4' title='bbox 1036 116 1066 157; x_wconf 90' lang='lat' dir='ltr'>I.</span> <span class='ocrx_word' id='word_1_5' title='bbox 1403 114 1487 157; x_wconf 81' lang='lat'>123</span> 
     </span>
    </p>
   </div>
   <div class='ocr_carea' id='block_1_2' title="bbox 46 223 1504 2138">
    <p class='ocr_par' dir='ltr' id='par_1_2' title="bbox 46 223 1504 2138">
     <span class='ocr_line' id='line_1_2' title="bbox 73 223 1484 290; baseline -0.012 -9"><span class='ocrx_word' id='word_1_6' title='bbox 73 251 134 280; x_wconf 87' lang='lat' dir='ltr'>est</span> <span class='ocrx_word' id='word_1_7' title='bbox 164 252 263 290; x_wconf 85' lang='lat' dir='ltr'>ergo</span> <span class='ocrx_word' id='word_1_8' title='bbox 296 236 374 279; x_wconf 89' lang='lat' dir='ltr'>alia</span> <span class='ocrx_word' id='word_1_9' title='bbox 404 234 542 287; x_wconf 85' lang='lat' dir='ltr'>imago</span> <span class='ocrx_word' id='word_1_10' title='bbox 576 231 674 281; x_wconf 81' lang='lat' dir='ltr'>Dei,</span> <span class='ocrx_word' id='word_1_11' title='bbox 708 231 762 272; x_wconf 86' lang='lat' dir='ltr'>ad</span> <span class='ocrx_word' id='word_1_12' title='bbox 794 228 912 285; x_wconf 77' lang='lat' dir='ltr'>cujus</span> <span class='ocrx_word' id='word_1_13' title='bbox 940 226 1132 279; x_wconf 74' lang='lat' dir='ltr'>imaginis</span> <span class='ocrx_word' id='word_1_14' title='bbox 1161 223 1484 267; x_wconf 81' lang='lat' dir='ltr'>similitudinem</span> 
     </span>
     <span class='ocr_line' id='line_1_3' title="bbox 46 303 1488 360; baseline -0.011 -2"><span class='ocrx_word' id='word_1_15' title='bbox 46 318 207 357; x_wconf 64' lang='lat' dir='ltr'>‘factus</span> <span class='ocrx_word' id='word_1_16' title='bbox 238 326 294 356; x_wconf 88' lang='lat' dir='ltr'>est</span> <span class='ocrx_word' id='word_1_17' title='bbox 322 315 478 360; x_wconf 83' lang='lat' dir='ltr'>homo,</span> <span class='ocrx_word' id='word_1_18' title='bbox 506 309 584 351; x_wconf 86' lang='lat' dir='ltr'>nisi</span> <span class='ocrx_word' id='word_1_19' title='bbox 615 307 810 349; x_wconf 77' lang='lat' dir='ltr'><strong>Salvator</strong></span> <span class='ocrx_word' id='word_1_20' title='bbox 839 318 1004 355; x_wconf 84' lang='lat' dir='ltr'>noster,</span> <span class='ocrx_word' id='word_1_21' title='bbox 1045 304 1117 360; x_wconf 88' lang='lat' dir='ltr'>qui</span> <span class='ocrx_word' id='word_1_22' title='bbox 1158 315 1216 345; x_wconf 85' lang='lat' dir='ltr'>est</span> <span class='ocrx_word' id='word_1_23' title='bbox 1245 303 1488 359; x_wconf 86' lang='lat' dir='ltr'>„primoge-</span> 
     </span>
     <span class='ocr_line' id='line_1_4' title="bbox 74 380 1487 446; baseline -0.011 -12"><span class='ocrx_word' id='word_1_24' title='bbox 74 393 185 433; x_wconf 89' lang='lat' dir='ltr'>nitus</span> <span class='ocrx_word' id='word_1_25' title='bbox 206 392 246 446; x_wconf 82' lang='grc' dir='ltr'>Ι)</span> <span class='ocrx_word' id='word_1_26' title='bbox 278 388 413 430; x_wconf 87' lang='lat' dir='ltr'>omnis</span> <span class='ocrx_word' id='word_1_27' title='bbox 445 383 720 428; x_wconf 86' lang='lat' dir='ltr'>creaturae?“</span> <span class='ocrx_word' id='word_1_28' title='bbox 752 385 804 425; x_wconf 85' lang='lat' dir='ltr'>de</span> <span class='ocrx_word' id='word_1_29' title='bbox 836 400 920 439; x_wconf 85' lang='lat' dir='ltr'>quo</span> <span class='ocrx_word' id='word_1_30' title='bbox 960 383 1177 438; x_wconf 78' lang='lat' dir='ltr'>scriptum.</span> <span class='ocrx_word' id='word_1_31' title='bbox 1197 392 1276 430; x_wconf 87' lang='lat' dir='ltr'>est,</span> <span class='ocrx_word' id='word_1_32' title='bbox 1308 380 1408 435; x_wconf 87' lang='lat' dir='ltr'>quia</span> <span class='ocrx_word' id='word_1_33' title='bbox 1437 381 1487 420; x_wconf 88' lang='lat' dir='ltr'>sit</span> 
     </span>
     <span class='ocr_line' id='line_1_5' title="bbox 72 458 1488 524; baseline -0.009 -14"><span class='ocrx_word' id='word_1_34' title='bbox 72 466 359 524; x_wconf 74' lang='lat' dir='ltr'>„splendor-²)</span> <span class='ocrx_word' id='word_1_35' title='bbox 390 464 547 507; x_wconf 88' lang='lat' dir='ltr'>aeterni</span> <span class='ocrx_word' id='word_1_36' title='bbox 580 461 779 510; x_wconf 84' lang='lat' dir='ltr'>luminis,</span> <span class='ocrx_word' id='word_1_37' title='bbox 829 472 869 501; x_wconf 87' lang='lat' dir='ltr'>et</span> <span class='ocrx_word' id='word_1_38' title='bbox 909 462 1040 511; x_wconf 81' lang='lat' dir='ltr'>figura</span> <span class='ocrx_word' id='word_1_39' title='bbox 1073 476 1262 514; x_wconf 83' lang='lat' dir='ltr'>expressa</span> <span class='ocrx_word' id='word_1_40' title='bbox 1292 458 1488 499; x_wconf 79' lang='lat' dir='ltr'>substan-</span> 
     </span>
     <span class='ocr_line' id='line_1_6' title="bbox 72 536 1489 597; baseline -0.008 -11"><span class='ocrx_word' id='word_1_41' title='bbox 72 546 154 586; x_wconf 84' lang='lat' dir='ltr'>tiae</span> <span class='ocrx_word' id='word_1_42' title='bbox 185 543 314 585; x_wconf 76' lang='lat' dir='ltr'>Dei:“</span> <span class='ocrx_word' id='word_1_43' title='bbox 342 542 439 597; x_wconf 86' lang='lat' dir='ltr'>quia</span> <span class='ocrx_word' id='word_1_44' title='bbox 471 553 512 583; x_wconf 88' lang='lat' dir='ltr'>ct</span> <span class='ocrx_word' id='word_1_45' title='bbox 538 540 629 596; x_wconf 87' lang='lat' dir='ltr'>ipse</span> <span class='ocrx_word' id='word_1_46' title='bbox 660 542 712 582; x_wconf 82' lang='lat' dir='ltr'>de</span> <span class='ocrx_word' id='word_1_47' title='bbox 741 555 783 580; x_wconf 88' lang='lat' dir='ltr'>se</span> <span class='ocrx_word' id='word_1_48' title='bbox 815 537 937 579; x_wconf 87' lang='lat' dir='ltr'>dicit:</span> <span class='ocrx_word' id='word_1_49' title='bbox 970 538 1088 589; x_wconf 85' lang='lat' dir='ltr'>„Ego</span> <span class='ocrx_word' id='word_1_50' title='bbox 1107 536 1152 592; x_wconf 77' lang='lat'>3)</span> <span class='ocrx_word' id='word_1_51' title='bbox 1192 536 1235 577; x_wconf 89' lang='lat' dir='ltr'>in</span> <span class='ocrx_word' id='word_1_52' title='bbox 1266 547 1409 591; x_wconf 79' lang='lat' dir='ltr'>patre,</span> <span class='ocrx_word' id='word_1_53' title='bbox 1449 544 1489 575; x_wconf 89' lang='lat' dir='ltr'>et</span> 
     </span>
     <span class='ocr_line' id='line_1_7' title="bbox 72 612 1492 677; baseline -0.008 -15"><span class='ocrx_word' id='word_1_54' title='bbox 72 633 194 677; x_wconf 85' lang='lat' dir='ltr'>pater</span> <span class='ocrx_word' id='word_1_55' title='bbox 220 621 263 661; x_wconf 90' lang='lat' dir='ltr'>in</span> <span class='ocrx_word' id='word_1_56' title='bbox 293 635 379 660; x_wconf 91' lang='lat' dir='ltr'>me:</span> <span class='ocrx_word' id='word_1_57' title='bbox 413 631 452 659; x_wconf 89' lang='lat' dir='ltr'>et</span> <span class='ocrx_word' id='word_1_58' title='bbox 481 618 554 674; x_wconf 87' lang='lat' dir='ltr'>qui</span> <span class='ocrx_word' id='word_1_59' title='bbox 584 633 652 659; x_wconf 93' lang='lat' dir='ltr'>me</span> <span class='ocrx_word' id='word_1_60' title='bbox 682 615 879 667; x_wconf 72' lang='lat' dir='ltr'>videt‚4)</span> <span class='ocrx_word' id='word_1_61' title='bbox 925 615 1038 656; x_wconf 85' lang='lat' dir='ltr'>videt</span> <span class='ocrx_word' id='word_1_62' title='bbox 1069 626 1107 655; x_wconf 90' lang='lat' dir='ltr'>et</span> <span class='ocrx_word' id='word_1_63' title='bbox 1135 625 1310 671; x_wconf 85' lang='lat' dir='ltr'>patrem.</span> <span class='ocrx_word' id='word_1_64' title='bbox 1370 612 1492 651; x_wconf 85' lang='lat' dir='ltr'>Sicut</span> 
     </span>
     <span class='ocr_line' id='line_1_8' title="bbox 74 689 1490 752; baseline -0.006 -13"><span class='ocrx_word' id='word_1_65' title='bbox 74 698 186 739; x_wconf 88' lang='lat' dir='ltr'>enim</span> <span class='ocrx_word' id='word_1_66' title='bbox 217 696 289 752; x_wconf 86' lang='lat' dir='ltr'>qui</span> <span class='ocrx_word' id='word_1_67' title='bbox 318 696 469 737; x_wconf 80' lang='lat' dir='ltr'>viderit</span> <span class='ocrx_word' id='word_1_68' title='bbox 497 695 722 747; x_wconf 78' lang='lat' dir='ltr'>imaginem</span> <span class='ocrx_word' id='word_1_69' title='bbox 746 691 934 749; x_wconf 78' lang='lat' dir='ltr'>alicujus,</span> <span class='ocrx_word' id='word_1_70' title='bbox 963 693 1076 732; x_wconf 86' lang='lat' dir='ltr'>videt</span> <span class='ocrx_word' id='word_1_71' title='bbox 1094 709 1204 740; x_wconf 82' lang='lat' dir='ltr'>cum,</span> <span class='ocrx_word' id='word_1_72' title='bbox 1235 690 1352 748; x_wconf 75' lang='lat' dir='ltr'>cujus</span> <span class='ocrx_word' id='word_1_73' title='bbox 1382 689 1490 729; x_wconf 87' lang='lat' dir='ltr'>ima-</span> 
     </span>
     <span class='ocr_line' id='line_1_9' title="bbox 73 768 1493 828; baseline -0.006 -13"><span class='ocrx_word' id='word_1_74' title='bbox 73 790 124 826; x_wconf 90' lang='lat' dir='ltr'>go</span> <span class='ocrx_word' id='word_1_75' title='bbox 157 785 224 824; x_wconf 86' lang='lat' dir='ltr'>est,</span> <span class='ocrx_word' id='word_1_76' title='bbox 256 775 313 815; x_wconf 88' lang='lat' dir='ltr'>ita</span> <span class='ocrx_word' id='word_1_77' title='bbox 344 784 383 814; x_wconf 86' lang='lat' dir='ltr'>et</span> <span class='ocrx_word' id='word_1_78' title='bbox 412 789 490 828; x_wconf 89' lang='lat' dir='ltr'>per</span> <span class='ocrx_word' id='word_1_79' title='bbox 503 773 680 813; x_wconf 82' lang='lat' dir='ltr'>verbum</span> <span class='ocrx_word' id='word_1_80' title='bbox 700 770 795 820; x_wconf 83' lang='lat' dir='ltr'>Dei,</span> <span class='ocrx_word' id='word_1_81' title='bbox 827 786 934 826; x_wconf 89' lang='lat' dir='ltr'>quae</span> <span class='ocrx_word' id='word_1_82' title='bbox 964 782 1021 811; x_wconf 88' lang='lat' dir='ltr'>est</span> <span class='ocrx_word' id='word_1_83' title='bbox 1051 770 1190 820; x_wconf 83' lang='lat' dir='ltr'>imago</span> <span class='ocrx_word' id='word_1_84' title='bbox 1222 768 1318 817; x_wconf 77' lang='lat' dir='ltr'>Dei,</span> <span class='ocrx_word' id='word_1_85' title='bbox 1348 768 1493 807; x_wconf 83' lang='lat' dir='ltr'>Deum</span> 
     </span>
     <span class='ocr_line' id='line_1_10' title="bbox 73 845 1493 906; baseline -0.003 -16"><span class='ocrx_word' id='word_1_86' title='bbox 73 850 164 906; x_wconf 91' lang='lat' dir='ltr'>quis</span> <span class='ocrx_word' id='word_1_87' title='bbox 195 851 316 892; x_wconf 86' lang='lat' dir='ltr'>videt.</span> <span class='ocrx_word' id='word_1_88' title='bbox 375 849 430 889; x_wconf 90' lang='lat' dir='ltr'>Et</span> <span class='ocrx_word' id='word_1_89' title='bbox 449 851 504 892; x_wconf 85' lang='lat' dir='ltr'>ita</span> <span class='ocrx_word' id='word_1_90' title='bbox 534 856 680 890; x_wconf 83' lang='lat' dir='ltr'>verum</span> <span class='ocrx_word' id='word_1_91' title='bbox 713 850 801 898; x_wconf 83' lang='lat' dir='ltr'>erit,</span> <span class='ocrx_word' id='word_1_92' title='bbox 832 848 950 903; x_wconf 89' lang='lat' dir='ltr'>quod</span> <span class='ocrx_word' id='word_1_93' title='bbox 983 847 1105 888; x_wconf 80' lang='lat' dir='ltr'><strong>dixit:</strong></span> <span class='ocrx_word' id='word_1_94' title='bbox 1136 845 1237 901; x_wconf 79' lang='lat' dir='ltr'>„qui</span> <span class='ocrx_word' id='word_1_95' title='bbox 1256 845 1300 901; x_wconf 83' lang='lat'>⁵)</span> <span class='ocrx_word' id='word_1_96' title='bbox 1333 861 1402 885; x_wconf 93' lang='lat' dir='ltr'>me</span> <span class='ocrx_word' id='word_1_97' title='bbox 1432 845 1493 886; x_wconf 87' lang='lat' dir='ltr'>vi-</span> 
     </span>
     <span class='ocr_line' id='line_1_11' title="bbox 76 922 1493 983; baseline -0.006 -14"><span class='ocrx_word' id='word_1_98' title='bbox 76 929 159 977; x_wconf 84' lang='lat' dir='ltr'>det,</span> <span class='ocrx_word' id='word_1_99' title='bbox 189 927 301 968; x_wconf 74' lang='lat' dir='ltr'>videt</span> <span class='ocrx_word' id='word_1_100' title='bbox 332 938 371 968; x_wconf 87' lang='lat' dir='ltr'>et</span> <span class='ocrx_word' id='word_1_101' title='bbox 399 931 606 983; x_wconf 85' lang='lat' dir='ltr'>patrem.“</span> <span class='ocrx_word' id='word_1_102' title='bbox 680 926 749 967; x_wconf 86' lang='lat' dir='ltr'>Ad</span> <span class='ocrx_word' id='word_1_103' title='bbox 790 923 915 979; x_wconf 76' lang='lat' dir='ltr'>hujus</span> <span class='ocrx_word' id='word_1_104' title='bbox 946 939 1045 975; x_wconf 87' lang='lat' dir='ltr'>ergo</span> <span class='ocrx_word' id='word_1_105' title='bbox 1075 922 1269 974; x_wconf 73' lang='lat' dir='ltr'>imaginis</span> <span class='ocrx_word' id='word_1_106' title='bbox 1297 922 1493 964; x_wconf 85' lang='lat' dir='ltr'>similitu-</span> 
     </span>
     <span class='ocr_line' id='line_1_12' title="bbox 77 999 1495 1058; baseline -0.004 -12"><span class='ocrx_word' id='word_1_107' title='bbox 77 1006 221 1046; x_wconf 83' lang='lat' dir='ltr'>dinem</span> <span class='ocrx_word' id='word_1_108' title='bbox 250 1005 382 1045; x_wconf 88' lang='lat' dir='ltr'>homo</span> <span class='ocrx_word' id='word_1_109' title='bbox 417 1006 549 1046; x_wconf 84' lang='lat' dir='ltr'>factus</span> <span class='ocrx_word' id='word_1_110' title='bbox 582 1015 653 1054; x_wconf 88' lang='lat' dir='ltr'>est,</span> <span class='ocrx_word' id='word_1_111' title='bbox 683 1015 721 1044; x_wconf 89' lang='lat' dir='ltr'>et</span> <span class='ocrx_word' id='word_1_112' title='bbox 754 1014 984 1058; x_wconf 86' lang='lat' dir='ltr'>propterea</span> <span class='ocrx_word' id='word_1_113' title='bbox 1009 1002 1203 1043; x_wconf 75' lang='lat' dir='ltr'>Salvator</span> <span class='ocrx_word' id='word_1_114' title='bbox 1232 1010 1389 1048; x_wconf 84' lang='lat' dir='ltr'>noster,</span> <span class='ocrx_word' id='word_1_115' title='bbox 1421 999 1495 1054; x_wconf 87' lang='lat' dir='ltr'>qui</span> 
     </span>
     <span class='ocr_line' id='line_1_13' title="bbox 77 1075 1493 1135; baseline -0.005 -13"><span class='ocrx_word' id='word_1_116' title='bbox 77 1093 137 1122; x_wconf 84' lang='lat' dir='ltr'>est</span> <span class='ocrx_word' id='word_1_117' title='bbox 166 1082 304 1134; x_wconf 81' lang='lat' dir='ltr'>imago</span> <span class='ocrx_word' id='word_1_118' title='bbox 336 1081 431 1130; x_wconf 76' lang='lat' dir='ltr'>Dei,</span> <span class='ocrx_word' id='word_1_119' title='bbox 461 1081 753 1123; x_wconf 81' lang='lat' dir='ltr'>misericordia</span> <span class='ocrx_word' id='word_1_120' title='bbox 791 1092 932 1121; x_wconf 82' lang='lat' dir='ltr'>motus</span> <span class='ocrx_word' id='word_1_121' title='bbox 971 1095 1052 1135; x_wconf 92' lang='lat' dir='ltr'>pro</span> <span class='ocrx_word' id='word_1_122' title='bbox 1095 1077 1293 1126; x_wconf 86' lang='lat' dir='ltr'>homine,</span> <span class='ocrx_word' id='word_1_123' title='bbox 1336 1075 1407 1131; x_wconf 84' lang='lat' dir='ltr'>qui</span> <span class='ocrx_word' id='word_1_124' title='bbox 1439 1076 1493 1116; x_wconf 89' lang='lat' dir='ltr'>ad</span> 
     </span>
     <span class='ocr_line' id='line_1_14' title="bbox 77 1153 1496 1216; baseline -0.005 -16"><span class='ocrx_word' id='word_1_125' title='bbox 77 1158 163 1216; x_wconf 86' lang='lat' dir='ltr'>ejus</span> <span class='ocrx_word' id='word_1_126' title='bbox 191 1158 511 1201; x_wconf 85' lang='lat' dir='ltr'>similitudinem</span> <span class='ocrx_word' id='word_1_127' title='bbox 540 1160 674 1200; x_wconf 87' lang='lat' dir='ltr'>factus</span> <span class='ocrx_word' id='word_1_128' title='bbox 704 1160 865 1207; x_wconf 80' lang='lat' dir='ltr'>fuerat,</span> <span class='ocrx_word' id='word_1_129' title='bbox 895 1156 1039 1198; x_wconf 82' lang='lat' dir='ltr'>videns</span> <span class='ocrx_word' id='word_1_130' title='bbox 1072 1173 1167 1197; x_wconf 87' lang='lat' dir='ltr'>eum</span> <span class='ocrx_word' id='word_1_131' title='bbox 1199 1153 1390 1211; x_wconf 85' lang='lat' dir='ltr'>deposita</span> <span class='ocrx_word' id='word_1_132' title='bbox 1419 1169 1496 1194; x_wconf 83' lang='lat' dir='ltr'>sua</span> 
     </span>
     <span class='ocr_line' id='line_1_15' title="bbox 76 1229 1496 1289; baseline -0.005 -12"><span class='ocrx_word' id='word_1_133' title='bbox 76 1235 258 1288; x_wconf 82' lang='lat' dir='ltr'>imagine</span> <span class='ocrx_word' id='word_1_134' title='bbox 289 1235 461 1287; x_wconf 83' lang='lat' dir='ltr'>maligni</span> <span class='ocrx_word' id='word_1_135' title='bbox 489 1235 716 1287; x_wconf 78' lang='lat' dir='ltr'>imaginem</span> <span class='ocrx_word' id='word_1_136' title='bbox 756 1234 986 1284; x_wconf 81' lang='lat' dir='ltr'>induxisse,</span> <span class='ocrx_word' id='word_1_137' title='bbox 1023 1234 1113 1289; x_wconf 89' lang='lat' dir='ltr'>ipse</span> <span class='ocrx_word' id='word_1_138' title='bbox 1152 1244 1293 1273; x_wconf 88' lang='lat' dir='ltr'>motus</span> <span class='ocrx_word' id='word_1_139' title='bbox 1332 1229 1496 1272; x_wconf 86' lang='lat' dir='ltr'>miseri-</span> 
     </span>
     <span class='ocr_line' id='line_1_16' title="bbox 79 1308 1498 1365; baseline -0.005 -11"><span class='ocrx_word' id='word_1_140' title='bbox 79 1314 247 1362; x_wconf 80' lang='lat' dir='ltr'>cordia,</span> <span class='ocrx_word' id='word_1_141' title='bbox 291 1312 473 1365; x_wconf 83' lang='lat' dir='ltr'>imagine</span> <span class='ocrx_word' id='word_1_142' title='bbox 511 1312 696 1353; x_wconf 85' lang='lat' dir='ltr'>hominis</span> <span class='ocrx_word' id='word_1_143' title='bbox 727 1323 928 1362; x_wconf 88' lang='lat' dir='ltr'>assumta,</span> <span class='ocrx_word' id='word_1_144' title='bbox 973 1311 1088 1351; x_wconf 83' lang='lat' dir='ltr'>venit</span> <span class='ocrx_word' id='word_1_145' title='bbox 1129 1311 1182 1349; x_wconf 88' lang='lat' dir='ltr'>ad</span> <span class='ocrx_word' id='word_1_146' title='bbox 1222 1325 1344 1356; x_wconf 88' lang='lat' dir='ltr'>eum,</span> <span class='ocrx_word' id='word_1_147' title='bbox 1388 1308 1498 1348; x_wconf 88' lang='lat' dir='ltr'>sicut</span> 
     </span>
     <span class='ocr_line' id='line_1_17' title="bbox 78 1386 1498 1445; baseline -0.004 -14"><span class='ocrx_word' id='word_1_148' title='bbox 78 1390 311 1445; x_wconf 86' lang='lat' dir='ltr'>Apostolus</span> <span class='ocrx_word' id='word_1_149' title='bbox 343 1400 612 1437; x_wconf 85' lang='lat' dir='ltr'>contestatur,</span> <span class='ocrx_word' id='word_1_150' title='bbox 645 1389 808 1430; x_wconf 87' lang='lat' dir='ltr'>dicens:</span> <span class='ocrx_word' id='word_1_151' title='bbox 848 1404 973 1438; x_wconf 87' lang='lat' dir='ltr'>„cum</span> <span class='ocrx_word' id='word_1_152' title='bbox 990 1387 1034 1442; x_wconf 79' lang='grc'>6)</span> <span class='ocrx_word' id='word_1_153' title='bbox 1074 1387 1117 1428; x_wconf 88' lang='lat' dir='ltr'>in</span> <span class='ocrx_word' id='word_1_154' title='bbox 1146 1389 1289 1428; x_wconf 87' lang='lat' dir='ltr'>forma</span> <span class='ocrx_word' id='word_1_155' title='bbox 1320 1386 1403 1427; x_wconf 84' lang='lat' dir='ltr'>Dei</span> <span class='ocrx_word' id='word_1_156' title='bbox 1435 1401 1498 1425; x_wconf 90' lang='lat' dir='ltr'>es-</span> 
     </span>
     <span class='ocr_line' id='line_1_18' title="bbox 79 1464 1498 1522; baseline -0.004 -14"><span class='ocrx_word' id='word_1_157' title='bbox 79 1478 151 1517; x_wconf 84' lang='lat' dir='ltr'>sct,</span> <span class='ocrx_word' id='word_1_158' title='bbox 181 1483 272 1507; x_wconf 89' lang='lat' dir='ltr'>non</span> <span class='ocrx_word' id='word_1_159' title='bbox 302 1466 505 1522; x_wconf 68' lang='lat' dir='ltr'>rapinam&#39;</span> <span class='ocrx_word' id='word_1_160' title='bbox 528 1464 750 1507; x_wconf 85' lang='lat' dir='ltr'>arbitratus</span> <span class='ocrx_word' id='word_1_161' title='bbox 781 1476 840 1507; x_wconf 88' lang='lat' dir='ltr'>est</span> <span class='ocrx_word' id='word_1_162' title='bbox 870 1481 956 1507; x_wconf 88' lang='lat' dir='ltr'>esse</span> <span class='ocrx_word' id='word_1_163' title='bbox 985 1481 1027 1506; x_wconf 90' lang='lat' dir='ltr'>se</span> <span class='ocrx_word' id='word_1_164' title='bbox 1046 1465 1265 1519; x_wconf 84' lang='lat' dir='ltr'>aequalem</span> <span class='ocrx_word' id='word_1_165' title='bbox 1281 1464 1393 1512; x_wconf 88' lang='lat' dir='ltr'>Deo,</span> <span class='ocrx_word' id='word_1_166' title='bbox 1424 1464 1498 1504; x_wconf 87' lang='lat' dir='ltr'>sed</span> 
     </span>
     <span class='ocr_line' id='line_1_19' title="bbox 77 1539 1499 1598; baseline -0.004 -13"><span class='ocrx_word' id='word_1_167' title='bbox 77 1555 209 1586; x_wconf 76' lang='lat' dir='ltr'>semet</span> <span class='ocrx_word' id='word_1_168' title='bbox 236 1544 375 1598; x_wconf 87' lang='lat' dir='ltr'>ipsum</span> <span class='ocrx_word' id='word_1_169' title='bbox 407 1542 643 1592; x_wconf 84' lang='lat' dir='ltr'>exinanivit,</span> <span class='ocrx_word' id='word_1_170' title='bbox 672 1544 857 1583; x_wconf 86' lang='lat' dir='ltr'>formam</span> <span class='ocrx_word' id='word_1_171' title='bbox 887 1542 993 1583; x_wconf 82' lang='lat' dir='ltr'>servi</span> <span class='ocrx_word' id='word_1_172' title='bbox 1021 1541 1246 1596; x_wconf 83' lang='lat' dir='ltr'>accipiens,</span> <span class='ocrx_word' id='word_1_173' title='bbox 1275 1542 1318 1581; x_wconf 88' lang='lat' dir='ltr'>in</span> <span class='ocrx_word' id='word_1_174' title='bbox 1351 1539 1499 1581; x_wconf 87' lang='lat' dir='ltr'>simili-</span> 
     </span>
     <span class='ocr_line' id='line_1_20' title="bbox 78 1617 1499 1668; baseline -0.004 -7"><span class='ocrx_word' id='word_1_175' title='bbox 78 1619 270 1661; x_wconf 88' lang='lat' dir='ltr'>tudinem</span> <span class='ocrx_word' id='word_1_176' title='bbox 302 1619 529 1660; x_wconf 88' lang='lat' dir='ltr'>hominum</span> <span class='ocrx_word' id='word_1_177' title='bbox 576 1620 732 1668; x_wconf 86' lang='lat' dir='ltr'>factus,</span> <span class='ocrx_word' id='word_1_178' title='bbox 777 1630 816 1659; x_wconf 91' lang='lat' dir='ltr'>et</span> <span class='ocrx_word' id='word_1_179' title='bbox 853 1618 1000 1659; x_wconf 83' lang='lat' dir='ltr'>habitu</span> <span class='ocrx_word' id='word_1_180' title='bbox 1039 1618 1233 1659; x_wconf 83' lang='lat' dir='ltr'>inventus</span> <span class='ocrx_word' id='word_1_181' title='bbox 1274 1628 1320 1657; x_wconf 87' lang='lat' dir='ltr'>ut</span> <span class='ocrx_word' id='word_1_182' title='bbox 1348 1617 1499 1666; x_wconf 83' lang='lat' dir='ltr'>homo,</span> 
     </span>
     <span class='ocr_line' id='line_1_21' title="bbox 79 1693 1501 1752; baseline -0.004 -14"><span class='ocrx_word' id='word_1_183' title='bbox 79 1697 315 1739; x_wconf 80' lang='lat' dir='ltr'>humiliavit</span> <span class='ocrx_word' id='word_1_184' title='bbox 342 1707 474 1738; x_wconf 89' lang='lat' dir='ltr'>semet</span> <span class='ocrx_word' id='word_1_185' title='bbox 508 1696 647 1751; x_wconf 85' lang='lat' dir='ltr'>ipsum</span> <span class='ocrx_word' id='word_1_186' title='bbox 685 1712 820 1752; x_wconf 86' lang='lat' dir='ltr'>usque</span> <span class='ocrx_word' id='word_1_187' title='bbox 858 1697 912 1737; x_wconf 88' lang='lat' dir='ltr'>ad</span> <span class='ocrx_word' id='word_1_188' title='bbox 950 1701 1171 1736; x_wconf 84' lang='lat' dir='ltr'>mortem.“</span> <span class='ocrx_word' id='word_1_189' title='bbox 1239 1693 1501 1749; x_wconf 75' lang='lat' dir='ltr'>Quicunque</span> 
     </span>
     <span class='ocr_line' id='line_1_22' title="bbox 84 1771 1500 1828; baseline -0.004 -11"><span class='ocrx_word' id='word_1_190' title='bbox 84 1791 182 1827; x_wconf 84' lang='lat' dir='ltr'>ergo</span> <span class='ocrx_word' id='word_1_191' title='bbox 213 1774 387 1816; x_wconf 81' lang='lat' dir='ltr'>veniunt</span> <span class='ocrx_word' id='word_1_192' title='bbox 417 1774 470 1815; x_wconf 85' lang='lat' dir='ltr'>ad</span> <span class='ocrx_word' id='word_1_193' title='bbox 501 1789 617 1822; x_wconf 88' lang='lat' dir='ltr'>eum,</span> <span class='ocrx_word' id='word_1_194' title='bbox 663 1785 704 1814; x_wconf 90' lang='lat' dir='ltr'>et</span> <span class='ocrx_word' id='word_1_195' title='bbox 741 1773 1006 1815; x_wconf 80' lang='lat' dir='ltr'>rationabilis</span> <span class='ocrx_word' id='word_1_196' title='bbox 1043 1772 1234 1825; x_wconf 83' lang='lat' dir='ltr'>imaginis</span> <span class='ocrx_word' id='word_1_197' title='bbox 1273 1771 1500 1828; x_wconf 79' lang='lat' dir='ltr'>participes</span> 
     </span>
     <span class='ocr_line' id='line_1_23' title="bbox 83 1849 1503 1908; baseline -0.003 -14"><span class='ocrx_word' id='word_1_198' title='bbox 83 1853 194 1894; x_wconf 77' lang='lat' dir='ltr'>effici</span> <span class='ocrx_word' id='word_1_199' title='bbox 221 1853 403 1901; x_wconf 79' lang='lat' dir='ltr'>student,</span> <span class='ocrx_word' id='word_1_200' title='bbox 431 1868 510 1908; x_wconf 86' lang='lat' dir='ltr'>per</span> <span class='ocrx_word' id='word_1_201' title='bbox 537 1851 779 1907; x_wconf 85' lang='lat' dir='ltr'>profectum</span> <span class='ocrx_word' id='word_1_202' title='bbox 809 1868 956 1901; x_wconf 90' lang='lat' dir='ltr'>suum,</span> <span class='ocrx_word' id='word_1_203' title='bbox 986 1851 1221 1893; x_wconf 87' lang='lat' dir='ltr'>secundum</span> <span class='ocrx_word' id='word_1_204' title='bbox 1250 1849 1503 1890; x_wconf 82' lang='lat' dir='ltr'>interiorem.</span> 
     </span>
     <span class='ocr_line' id='line_1_24' title="bbox 83 1925 1502 1984; baseline -0.004 -13"><span class='ocrx_word' id='word_1_205' title='bbox 83 1930 318 1978; x_wconf 88' lang='lat' dir='ltr'>hominem,</span> <span class='ocrx_word' id='word_1_206' title='bbox 347 1939 608 1971; x_wconf 84' lang='lat' dir='ltr'>renovantur</span> <span class='ocrx_word' id='word_1_207' title='bbox 637 1928 828 1984; x_wconf 82' lang='lat' dir='ltr'>quotidie</span> <span class='ocrx_word' id='word_1_208' title='bbox 857 1930 911 1969; x_wconf 88' lang='lat' dir='ltr'>ad</span> <span class='ocrx_word' id='word_1_209' title='bbox 939 1927 1166 1981; x_wconf 82' lang='lat' dir='ltr'>imaginem</span> <span class='ocrx_word' id='word_1_210' title='bbox 1199 1926 1308 1982; x_wconf 83' lang='lat' dir='ltr'>ejus,</span> <span class='ocrx_word' id='word_1_211' title='bbox 1337 1925 1410 1981; x_wconf 86' lang='lat' dir='ltr'>qui</span> <span class='ocrx_word' id='word_1_212' title='bbox 1440 1928 1502 1965; x_wconf 84' lang='lat' dir='ltr'>fe-</span> 
     </span>
     <span class='ocr_line' id='line_1_25' title="bbox 87 2000 1504 2060; baseline -0.005 -12"><span class='ocrx_word' id='word_1_213' title='bbox 87 2007 142 2048; x_wconf 89' lang='lat' dir='ltr'>cit</span> <span class='ocrx_word' id='word_1_214' title='bbox 172 2023 261 2048; x_wconf 88' lang='lat' dir='ltr'>eos:</span> <span class='ocrx_word' id='word_1_215' title='bbox 291 2006 350 2048; x_wconf 80' lang='lat' dir='ltr'>ita</span> <span class='ocrx_word' id='word_1_216' title='bbox 378 2017 425 2046; x_wconf 91' lang='lat' dir='ltr'>ut</span> <span class='ocrx_word' id='word_1_217' title='bbox 457 2005 620 2060; x_wconf 87' lang='lat' dir='ltr'>possint</span> <span class='ocrx_word' id='word_1_218' title='bbox 649 2007 894 2046; x_wconf 75' lang='lat' dir='ltr'>conformes</span> <span class='ocrx_word' id='word_1_219' title='bbox 924 2003 1159 2060; x_wconf 81' lang='lat' dir='ltr'>corpori⁷)</span> <span class='ocrx_word' id='word_1_220' title='bbox 1191 2002 1386 2044; x_wconf 84' lang='lat' dir='ltr'>claritatis</span> <span class='ocrx_word' id='word_1_221' title='bbox 1416 2000 1504 2057; x_wconf 87' lang='lat' dir='ltr'>ejus</span> 
     </span>
     <span class='ocr_line' id='line_1_26' title="bbox 86 2080 1503 2138; baseline -0.005 -12"><span class='ocrx_word' id='word_1_222' title='bbox 86 2085 209 2133; x_wconf 74' lang='lat' dir='ltr'>effici,</span> <span class='ocrx_word' id='word_1_223' title='bbox 240 2084 313 2125; x_wconf 88' lang='lat' dir='ltr'>sed</span> <span class='ocrx_word' id='word_1_224' title='bbox 346 2082 636 2137; x_wconf 89' lang='lat' dir='ltr'>unusquisque</span> <span class='ocrx_word' id='word_1_225' title='bbox 664 2098 745 2137; x_wconf 88' lang='lat' dir='ltr'>pro</span> <span class='ocrx_word' id='word_1_226' title='bbox 776 2081 933 2123; x_wconf 86' lang='lat' dir='ltr'>viribus</span> <span class='ocrx_word' id='word_1_227' title='bbox 961 2081 1118 2138; x_wconf 75' lang='lat' dir='ltr'>suis.⁸)</span> <span class='ocrx_word' id='word_1_228' title='bbox 1150 2080 1347 2136; x_wconf 89' lang='lat' dir='ltr'>Apostoli</span> <span class='ocrx_word' id='word_1_229' title='bbox 1376 2096 1419 2121; x_wconf 86' lang='lat' dir='ltr'>se</span> <span class='ocrx_word' id='word_1_230' title='bbox 1449 2080 1503 2119; x_wconf 89' lang='lat' dir='ltr'>ad</span> 
     </span>
    </p>
   </div>
   <div class='ocr_carea' id='block_1_3' title="bbox 87 2157 1504 2218">
    <p class='ocr_par' dir='ltr' id='par_1_3' title="bbox 87 2157 1504 2218">
     <span class='ocr_line' id='line_1_27' title="bbox 87 2157 1504 2218; baseline -0.003 -16"><span class='ocrx_word' id='word_1_231' title='bbox 87 2160 175 2218; x_wconf 81' lang='lat' dir='ltr'>ejus</span> <span class='ocrx_word' id='word_1_232' title='bbox 203 2158 520 2202; x_wconf 84' lang='lat' dir='ltr'>similitudinem</span> <span class='ocrx_word' id='word_1_233' title='bbox 559 2160 844 2200; x_wconf 81' lang='lat' dir='ltr'>reformarunt</span> <span class='ocrx_word' id='word_1_234' title='bbox 872 2160 916 2201; x_wconf 86' lang='lat' dir='ltr'>in</span> <span class='ocrx_word' id='word_1_235' title='bbox 945 2170 1132 2209; x_wconf 83' lang='lat' dir='ltr'>tanturn,</span> <span class='ocrx_word' id='word_1_236' title='bbox 1179 2170 1226 2199; x_wconf 90' lang='lat' dir='ltr'>ut</span> <span class='ocrx_word' id='word_1_237' title='bbox 1254 2158 1342 2214; x_wconf 88' lang='lat' dir='ltr'>ipse</span> <span class='ocrx_word' id='word_1_238' title='bbox 1373 2160 1425 2199; x_wconf 85' lang='lat' dir='ltr'>de</span> <span class='ocrx_word' id='word_1_239' title='bbox 1455 2157 1504 2199; x_wconf 84' lang='lat' dir='ltr'>iis</span> 
     </span>
    </p>
   </div>
   <div class='ocr_carea' id='block_1_4' title="bbox 92 2333 1506 2729">
    <p class='ocr_par' dir='ltr' id='par_1_4' title="bbox 207 2333 1186 2391">
     <span class='ocr_line' id='line_1_28' title="bbox 207 2333 1186 2391; baseline 0.005 -15"><span class='ocrx_word' id='word_1_240' title='bbox 207 2335 249 2390; x_wconf 71' lang='grc'>1)</span> <span class='ocrx_word' id='word_1_241' title='bbox 282 2335 445 2378; x_wconf 90' lang='lat' dir='ltr'>Coloss.</span> <span class='ocrx_word' id='word_1_242' title='bbox 475 2335 508 2385; x_wconf 92' lang='lat' dir='ltr'>I,</span> <span class='ocrx_word' id='word_1_243' title='bbox 541 2337 605 2380; x_wconf 84' lang='lat'>15.</span> <span class='ocrx_word' id='word_1_244' title='bbox 725 2333 772 2391; x_wconf 76' lang='lat'>²)</span> <span class='ocrx_word' id='word_1_245' title='bbox 803 2334 890 2378; x_wconf 82' lang='lat' dir='ltr'>Cfr.</span> <span class='ocrx_word' id='word_1_246' title='bbox 920 2336 1053 2378; x_wconf 83' lang='lat' dir='ltr'>Hebr.</span> <span class='ocrx_word' id='word_1_247' title='bbox 1083 2334 1116 2387; x_wconf 86' lang='lat' dir='ltr'>I,</span> <span class='ocrx_word' id='word_1_248' title='bbox 1144 2337 1186 2386; x_wconf 82' lang='lat'>3,</span> 
     </span>
    </p>

    <p class='ocr_par' dir='ltr' id='par_1_5' title="bbox 92 2405 1506 2588">
     <span class='ocr_line' id='line_1_29' title="bbox 207 2405 868 2462; baseline 0.002 -15"><span class='ocrx_word' id='word_1_249' title='bbox 207 2406 254 2462; x_wconf 80' lang='lat'>3)</span> <span class='ocrx_word' id='word_1_250' title='bbox 284 2407 360 2449; x_wconf 85' lang='lat' dir='ltr'>Ev.</span> <span class='ocrx_word' id='word_1_251' title='bbox 390 2407 549 2448; x_wconf 81' lang='lat' dir='ltr'>Joann.</span> <span class='ocrx_word' id='word_1_252' title='bbox 580 2406 696 2457; x_wconf 88' lang='lat' dir='ltr'>XIV,</span> <span class='ocrx_word' id='word_1_253' title='bbox 733 2407 798 2448; x_wconf 88' lang='grc'>10.</span> <span class='ocrx_word' id='word_1_254' title='bbox 828 2405 868 2448; x_wconf 88' lang='grc'>9.</span> 
     </span>
     <span class='ocr_line' id='line_1_30' title="bbox 120 2475 1506 2539; baseline -0.003 -21"><span class='ocrx_word' id='word_1_255' title='bbox 120 2531 129 2539; x_wconf 38' lang='grc' dir='ltr'>ι</span> <span class='ocrx_word' id='word_1_256' title='bbox 209 2475 254 2531; x_wconf 62' lang='grc'>4)</span> <span class='ocrx_word' id='word_1_257' title='bbox 283 2477 395 2518; x_wconf 85' lang='lat' dir='ltr'><strong>Edd.</strong></span> <span class='ocrx_word' id='word_1_258' title='bbox 423 2477 596 2519; x_wconf 84' lang='lat' dir='ltr'>Merlini</span> <span class='ocrx_word' id='word_1_259' title='bbox 646 2479 686 2518; x_wconf 91' lang='lat' dir='ltr'>h.</span> <span class='ocrx_word' id='word_1_260' title='bbox 717 2479 768 2528; x_wconf 86' lang='lat' dir='ltr'>l.,</span> <span class='ocrx_word' id='word_1_261' title='bbox 809 2479 882 2519; x_wconf 82' lang='lat' dir='ltr'>cfr.</span> <span class='ocrx_word' id='word_1_262' title='bbox 913 2493 1005 2533; x_wconf 85' lang='lat' dir='ltr'>pag.</span> <span class='ocrx_word' id='word_1_263' title='bbox 1036 2476 1123 2534; x_wconf 88' lang='lat' dir='ltr'>huj.</span> <span class='ocrx_word' id='word_1_264' title='bbox 1162 2488 1252 2519; x_wconf 89' lang='lat' dir='ltr'>not.</span> <span class='ocrx_word' id='word_1_265' title='bbox 1281 2478 1320 2519; x_wconf 85' lang='lat'>5.</span> <span class='ocrx_word' id='word_1_266' title='bbox 1368 2475 1506 2526; x_wconf 79' lang='lat' dir='ltr'>‚,vidit‚</span> 
     </span>
     <span class='ocr_line' id='line_1_31' title="bbox 92 2531 494 2588; baseline 0.005 -15"><span class='ocrx_word' id='word_1_267' title='bbox 92 2531 194 2573; x_wconf 70' lang='lat' dir='ltr'>vidit</span> <span class='ocrx_word' id='word_1_268' title='bbox 222 2544 262 2573; x_wconf 86' lang='lat' dir='ltr'>et</span> <span class='ocrx_word' id='word_1_269' title='bbox 291 2538 494 2588; x_wconf 82' lang='lat' dir='ltr'>patrem.“</span> 
     </span>
    </p>

    <p class='ocr_par' dir='ltr' id='par_1_6' title="bbox 213 2602 1321 2662">
     <span class='ocr_line' id='line_1_32' title="bbox 213 2602 1321 2662; baseline -0.001 -18"><span class='ocrx_word' id='word_1_270' title='bbox 213 2602 259 2657; x_wconf 86' lang='lat'>⁵)</span> <span class='ocrx_word' id='word_1_271' title='bbox 287 2604 364 2645; x_wconf 86' lang='lat' dir='ltr'>Ev.</span> <span class='ocrx_word' id='word_1_272' title='bbox 392 2605 550 2645; x_wconf 88' lang='lat' dir='ltr'>Joann.</span> <span class='ocrx_word' id='word_1_273' title='bbox 580 2603 696 2653; x_wconf 86' lang='lat' dir='ltr'>XIV,</span> <span class='ocrx_word' id='word_1_274' title='bbox 725 2604 762 2646; x_wconf 87' lang='grc'>9.</span> <span class='ocrx_word' id='word_1_275' title='bbox 793 2605 891 2645; x_wconf 85' lang='lat' dir='ltr'>coll.</span> <span class='ocrx_word' id='word_1_276' title='bbox 922 2620 1016 2661; x_wconf 85' lang='lat' dir='ltr'>pag.</span> <span class='ocrx_word' id='word_1_277' title='bbox 1046 2602 1133 2662; x_wconf 88' lang='lat' dir='ltr'>huj.</span> <span class='ocrx_word' id='word_1_278' title='bbox 1164 2616 1252 2646; x_wconf 85' lang='lat' dir='ltr'>not.</span> <span class='ocrx_word' id='word_1_279' title='bbox 1283 2603 1321 2644; x_wconf 78' lang='grc'>4.</span> 
     </span>
    </p>

    <p class='ocr_par' dir='ltr' id='par_1_7' title="bbox 210 2672 886 2729">
     <span class='ocr_line' id='line_1_33' title="bbox 210 2672 886 2729; baseline 0.003 -17"><span class='ocrx_word' id='word_1_280' title='bbox 210 2672 259 2726; x_wconf 82' lang='lat'>⁶)</span> <span class='ocrx_word' id='word_1_281' title='bbox 292 2672 379 2715; x_wconf 81' lang='lat' dir='ltr'>Cfr.</span> <span class='ocrx_word' id='word_1_282' title='bbox 409 2672 595 2729; x_wconf 86' lang='lat' dir='ltr'>Philipp.</span> <span class='ocrx_word' id='word_1_283' title='bbox 627 2674 679 2723; x_wconf 80' lang='lat' dir='ltr'>ll,</span> <span class='ocrx_word' id='word_1_284' title='bbox 707 2675 747 2717; x_wconf 85' lang='lat'>6.</span> <span class='ocrx_word' id='word_1_285' title='bbox 778 2675 816 2716; x_wconf 84' lang='lat'>7.</span> <span class='ocrx_word' id='word_1_286' title='bbox 847 2673 886 2716; x_wconf 85' lang='grc'>8.</span> 
     </span>
    </p>
   </div>
   <div class='ocr_carea' id='block_1_5' title="bbox 97 2741 1510 2856">
    <p class='ocr_par' dir='ltr' id='par_1_8' title="bbox 97 2741 1510 2856">
     <span class='ocr_line' id='line_1_34' title="bbox 214 2741 1510 2801; baseline 0 -18"><span class='ocrx_word' id='word_1_287' title='bbox 214 2741 267 2798; x_wconf 81' lang='lat'>⁷)</span> <span class='ocrx_word' id='word_1_288' title='bbox 292 2742 390 2784; x_wconf 79' lang='lat' dir='ltr'>Mss.</span> <span class='ocrx_word' id='word_1_289' title='bbox 437 2744 639 2798; x_wconf 82' lang='lat' dir='ltr'>„corpori</span> <span class='ocrx_word' id='word_1_290' title='bbox 679 2743 913 2792; x_wconf 77' lang='lat' dir='ltr'>claritatiS‚“</span> <span class='ocrx_word' id='word_1_291' title='bbox 956 2744 1053 2787; x_wconf 84' lang='lat' dir='ltr'>libri</span> <span class='ocrx_word' id='word_1_292' title='bbox 1093 2742 1194 2787; x_wconf 75' lang='lat' dir='ltr'>editi</span> <span class='ocrx_word' id='word_1_293' title='bbox 1241 2743 1299 2801; x_wconf 85' lang='lat' dir='ltr'>(e.</span> <span class='ocrx_word' id='word_1_294' title='bbox 1340 2759 1373 2783; x_wconf 87' lang='lat' dir='ltr'>c.</span> <span class='ocrx_word' id='word_1_295' title='bbox 1415 2742 1510 2784; x_wconf 46' lang='lat' dir='ltr'>eddi</span> 
     </span>
     <span class='ocr_line' id='line_1_35' title="bbox 97 2797 996 2856; baseline 0.001 -16"><span class='ocrx_word' id='word_1_296' title='bbox 97 2797 204 2855; x_wconf 84' lang='grc' dir='ltr'>Μ.);</span> <span class='ocrx_word' id='word_1_297' title='bbox 233 2800 496 2856; x_wconf 81' lang='lat' dir='ltr'>„corporalis</span> <span class='ocrx_word' id='word_1_298' title='bbox 527 2799 760 2841; x_wconf 83' lang='lat' dir='ltr'>claritatis.“</span> <span class='ocrx_word' id='word_1_299' title='bbox 790 2800 917 2843; x_wconf 81' lang='lat' dir='ltr'>Male.</span> <span class='ocrx_word' id='word_1_300' title='bbox 947 2800 996 2841; x_wconf 83' lang='lat' dir='ltr'>R.</span> 
     </span>
    </p>
   </div>
   <div class='ocr_carea' id='block_1_6' title="bbox 215 2867 871 2925">
    <p class='ocr_par' dir='ltr' id='par_1_9' title="bbox 215 2867 871 2925">
     <span class='ocr_line' id='line_1_36' title="bbox 215 2867 871 2925; baseline 0.002 -16"><span class='ocrx_word' id='word_1_301' title='bbox 215 2868 260 2925; x_wconf 72' lang='lat'>³)</span> <span class='ocrx_word' id='word_1_302' title='bbox 292 2869 420 2912; x_wconf 84' lang='lat' dir='ltr'>Deest</span> <span class='ocrx_word' id='word_1_303' title='bbox 449 2867 582 2919; x_wconf 86' lang='lat' dir='ltr'>„suis“</span> <span class='ocrx_word' id='word_1_304' title='bbox 609 2868 654 2910; x_wconf 83' lang='lat' dir='ltr'>in</span> <span class='ocrx_word' id='word_1_305' title='bbox 685 2869 780 2911; x_wconf 87' lang='lat' dir='ltr'>edd.</span> <span class='ocrx_word' id='word_1_306' title='bbox 811 2870 871 2911; x_wconf 87' lang='lat' dir='ltr'>M.</span> 
     </span>
    </p>
   </div>
  </div>
 </body>
</html>
