1764 3096
510 169 556 199 m
591 153 786 197 GENEsm
816 151 1018 196 ΗοΜηῐΑ
1046 155 1096 195 V.
1434 161 1518 204 179

96 268 448 324 ,‚Ammanitae¹)
480 268 616 317 enim,
646 266 805 322 inquit,
837 277 877 308 et
905 266 1125 308 Moabitae
1155 283 1246 308 non
1275 268 1517 314 introibunt

97 348 141 390 in
182 345 397 389 ecclesiam
437 343 618 385 Domini
647 359 781 399 usque
823 342 866 384 in
905 342 1072 384 tertiam
1109 355 1149 385 et
1189 357 1382 400 quartam
1412 364 1517 402 pro-

96 424 273 476 geniem,
302 432 342 462 et
372 436 508 476 usque
533 419 578 460 in
607 420 862 460 saeculum.“
920 419 1147 473 Designat,
1185 424 1304 477 quod
1336 424 1517 467 carnalis

97 499 309 553 generatio
339 498 439 550 legis
464 513 560 545 ,non
588 495 776 551 intrat2)
807 496 850 537 in
882 498 1101 540 ecclesiam
1129 499 1296 550 Christi,
1323 517 1403 541 nec
1433 512 1517 542 ter-

96 578 152 619 tia
181 574 452 629 generatione
489 590 569 630 pro
600 573 808 623 trinitate,
857 591 936 616 nec
978 585 1126 631 quarta
1157 592 1239 632 pro
1269 576 1518 633 Evangeliis,

95 669 174 694 nec
204 653 246 694 in
275 652 513 701 saeculum,
555 651 636 692 nisi
666 652 778 692 forte
807 663 905 706 post
934 667 1131 707 praesens
1159 655 1387 703 saeculum,
1421 672 1516 697 eum

94 727 317 785 plenitudo
356 728 543 781 gentium
581 726 815 777 introierit,
854 739 894 769 et
934 728 993 770 sic
1040 729 1178 770 omnis
1218 731 1344 772 Israel
1384 734 1520 776 salvus

94 807 222 848 suerit
249 807 396 847 factus.
454 805 592 856 Haec,
621 816 668 846 ut
695 805 936 861 potuimus,
983 807 1218 846 seeundum
1249 808 1520 860 allegoricam

94 882 413 935 intelligentiam
446 884 499 924 de
526 882 608 924 Lot
637 895 677 924 et
696 900 830 925 uxore
860 882 961 940 ejus,
1002 899 1050 925 ac
1080 883 1134 924 de
1163 883 1330 925 filiabus
1363 887 1523 927 exscul-

97 959 270 1016 psimus,
299 959 403 1001 nihil
437 958 778 1016 praejudicantes
810 960 893 1009 his,
945 960 1017 1016 qui
1045 960 1246 1002 sacratius
1276 960 1437 1018 aliquid
1468 964 1522 1004 de

98 1038 183 1078 hoc
211 1037 365 1078 sentire
394 1035 627 1092 potuerint.

212 1114 250 1157 6.
281 1113 415 1168 Quod
446 1130 546 1155 vero
576 1113 620 1156 in
651 1114 806 1156 morali
836 1116 934 1156 loco
965 1114 1158 1170 superius
1179 1117 1316 1170 ipsum
1349 1116 1522 1170 quidem

99 1192 181 1232 Lot
211 1192 265 1232 ad
289 1191 586 1232 rationabilem
625 1207 794 1233 sensum
826 1203 865 1233 et
893 1190 1056 1232 virilem
1089 1191 1279 1232 animum
1311 1192 1524 1244 traximus,

98 1284 276 1308 uxorem
307 1283 407 1307 vero
440 1267 550 1325 ejus,
583 1284 691 1323 quae
722 1279 836 1309 retro
871 1267 1117 1323 respexerit,
1160 1284 1328 1309 carnem
1362 1286 1522 1311 concu-

99 1343 312 1400 piscentiis
343 1355 383 1384 et
411 1344 702 1400 voluptatibus
734 1345 918 1386 deditam
953 1344 1156 1393 diximus,
1184 1361 1276 1385 non
1309 1347 1524 1398 negligen-

100 1434 165 1463 ter
194 1421 311 1470 haec,
344 1437 369 1462 o
401 1420 583 1470 auditor,
614 1422 809 1477 excipias.
870 1422 1108 1463 Observare
1140 1422 1253 1463 enim
1285 1423 1435 1472 debes,
1469 1441 1524 1463 ne

100 1500 212 1540 forte
252 1498 375 1539 etiam
417 1513 513 1538 curn
552 1498 748 1549 effugeris
792 1498 982 1539 flammas
1018 1498 1199 1548 saeculi,
1247 1510 1287 1540 et
1326 1499 1525 1542 incendia

101 1574 237 1617 carnis
268 1574 455 1624 evaseris,
487 1574 612 1615 etiam
644 1591 740 1615 cum
772 1574 972 1629 pusillam
1008 1585 1047 1615 et
1073 1590 1166 1615 non
1197 1576 1392 1630 pusillam
1427 1577 1525 1618 civi-

101 1664 228 1694 tatem
260 1653 413 1703 Segor,
455 1650 527 1706 qui
559 1662 617 1692 est
647 1651 811 1692 medius
856 1650 1028 1707 quidam
1070 1663 1109 1692 et
1139 1650 1267 1693 civilis
1297 1656 1529 1708 profectus,

101 1727 376 1784 superaveris,
408 1739 446 1768 et
476 1728 530 1768 ad
560 1727 757 1768 scientiae
787 1727 1063 1777 altitudinem,
1099 1729 1210 1768 velut
1237 1729 1289 1769 ad
1315 1731 1525 1784 quaedam

105 1806 322 1848 cacumina
366 1806 524 1847 montis
566 1803 854 1846 adscenderis:
895 1805 1013 1856 vide,
1050 1821 1106 1847 ne
1150 1806 1228 1847 tibi
1276 1805 1530 1848 insidientur

106 1885 215 1925 duae
240 1883 351 1925 filiae
380 1883 494 1932 istae,
528 1899 636 1938 quae
670 1899 690 1922 a
722 1893 763 1922 te
794 1898 883 1922 non
915 1882 1162 1933 discedunt,
1191 1885 1264 1925 sed
1295 1897 1531 1940 sequuntur

104 1972 145 2001 te
175 1961 313 2009 etiam,
344 1977 440 2000 cum
474 1959 691 2001 adscendis
721 1959 764 1999 in
796 1971 1012 2008 montem,
1042 1959 1085 2000 id
1118 1971 1201 2008 est,
1244 1977 1351 2000 vana
1383 1960 1530 2012 gloria,

106 2050 147 2079 et
176 2035 316 2093 major
346 2052 472 2078 soror
503 2034 589 2092 ejus
618 2035 829 2090 superbia.
889 2035 1012 2087 Vide,
1051 2052 1105 2075 ne
1122 2034 1167 2091 ³)
1209 2035 1310 2077 istae
1348 2036 1460 2078 filiae
1490 2049 1532 2078 te

106 2114 290 2169 sopitum
322 2129 370 2152 ae
402 2112 699 2161 dormientem,
731 2113 832 2153 dum
856 2111 932 2152 tibi
963 2128 1041 2153 nec
1073 2113 1238 2162 sentire,
1269 2129 1348 2154 nee
1378 2113 1533 2155 intelli-

107 2206 203 2243 gere
232 2188 396 2238 videris,
428 2189 718 2245 complexibus
748 2189 832 2230 suis
862 2189 1141 2244 stringant.4)
1217 2189 1340 2245 Quae
1368 2189 1531 2232 idcirco

108 2266 218 2308 filiae
249 2266 472 2315 dicuntur,
514 2266 611 2321 quia
648 2282 737 2306 non
774 2267 902 2308 nobis
933 2266 1187 2308 extrinsecus
1216 2269 1534 2323 superveniunt,

12 2371 19 2398 -Ι
61 2352 66 2355 “
109 2343 180 2384 sed
212 2343 264 2383 de
292 2342 441 2392 nobis,
474 2354 512 2383 et
542 2342 594 2383 dc
625 2355 795 2384 actuum
829 2355 1076 2385 nostrorum
1109 2345 1223 2385 velut
1253 2347 1436 2401 quadam
1468 2346 1533 2387 in-

230 2516 275 2571 ¹)
305 2516 432 2558 Deut.
462 2517 622 2567 XXIII,
652 2517 691 2559 3.
726 2542 778 2550 -
811 2517 976 2561 Ruaeus
998 2531 1112 2561 recte
1142 2520 1185 2560 in
1217 2519 1352 2560 notis:
1384 2518 1536 2567 „Deua

114 2571 285 2622 XXIII,
331 2574 371 2615 3.
402 2590 491 2614 non
532 2590 664 2629 usque
696 2574 740 2615 in
769 2575 936 2615 tertiam
967 2589 1007 2618 et
1038 2588 1255 2632 quartam,
1305 2578 1377 2617 sed
1411 2575 1534 2616 etiam

115 2639 213 2684 post
243 2630 448 2671 decimam
480 2631 794 2682 generationem
825 2632 1025 2675 ecclesiae
1057 2635 1172 2675 aditu
1204 2644 1402 2674 arcentur
1432 2633 1535 2673 Am-

114 2686 304 2727 monitae
340 2699 380 2727 et
407 2686 666 2729 Moabitae.“

231 2753 277 2808 ²)
307 2754 419 2797 Edd.
449 2756 646 2799 Merlini:
678 2759 816 2801 intret.

231 2823 278 2878 ³)
308 2823 420 2865 E'dd.
451 2824 647 2868 Merlini:
679 2844 734 2869 ne
761 2840 804 2870 te
833 2830 934 2869 istae
962 2827 1074 2869 filiae
1106 2838 1182 2868 etc.

236 2891 281 2948 ¹²)
311 2894 422 2937 Edd.
458 2894 654 2938 Merlini:
686 2898 947 2951 instringant.

1098 2974 1187 3016 12*
