1764 3096
284 80 367 125 224
884 80 1107 124 Omtmms

283 210 451 252 semper
482 211 578 237 casu
610 192 868 245 contingere,
896 204 944 234 ut
973 193 1243 237 patriarchae
1259 192 1311 236 ad
1341 204 1491 250 puteos
1521 193 1700 245 veniant,

285 285 324 315 ct
364 274 418 315 ad
459 289 586 329 aquas
628 270 824 328 conjugia
867 270 1124 313 sortiantur?
1192 269 1279 325 Qui
1326 271 1429 312 haec
1476 270 1531 311 ita
1570 283 1702 326 putat,

285 351 476 393 animalis
496 350 539 405 ¹)
570 350 702 393 homo
736 360 808 397 est,
840 359 878 389 ct
908 363 996 388 non
1027 348 1231 403 percipit,
1274 363 1382 404 quae
1409 347 1490 389 sint
1504 346 1549 403 ²)
1579 349 1702 403 spiri-

283 441 347 472 tus
377 428 470 469 Dei.
532 427 617 469 Sed
648 426 720 481 qui
753 426 853 474 vult,
882 437 1051 466 maneat
1069 425 1109 467 in
1133 426 1207 475 his,
1240 436 1407 466 maneat
1423 423 1700 478 animalis:³)

282 521 360 557 ego
392 504 574 545 Paulum
604 503 861 558 Apostolum
880 518 1070 558 sequens,
1103 503 1198 544 dico
1231 503 1334 543 haec
1355 518 1441 543 esse
1459 502 1699 552 allegorica,

281 594 321 623 et
357 593 601 624 sanctorum
647 579 815 635 nuptias
867 579 1214 637 conjunctionem
1260 579 1356 621 dico
1400 595 1486 620 esse
1534 578 1699 620 animae

281 675 378 700 cum
409 658 539 699 verbo
572 656 678 697 Dei:
707 656 868 712 ,‚qui⁴)
899 658 1010 699 enim
1044 641 1176 713 jungit
1204 672 1247 698 se
1278 656 1497 706 Domino,
1528 656 1698 712 unus⁵)

279 735 446 791 spiritus
486 740 580 777 est.“
658 734 781 776 Hanc
820 746 959 776 autem
1006 734 1354 790 conjunctionem
1395 734 1561 775 :mimae
1602 750 1700 775 cum

278 814 426 861 verbo,
457 823 618 853 certum
651 824 710 853 est
738 829 828 853 non
859 810 978 852 aliter
1006 811 1096 853 fieri
1126 827 1272 867 posse,
1312 811 1392 854 nisi
1432 829 1510 867 per
1543 811 1699 853 instru-

283 890 466 931 ctionem
499 888 742 931 divinorum
774 889 998 938 librorum,
1031 887 1102 945 qui
1134 888 1364 940 figuraliter
1402 889 1520 945 putei
1551 889 1698 944 appel-

276 969 428 1008 lantur.
487 967 555 1007 Ad
587 983 691 1022 quos
722 967 754 1008 si
787 965 878 1021 quis
908 966 1068 1015 veniat,
1116 977 1155 1006 et
1189 964 1354 1006 hauriat
1384 981 1432 1006 ex
1462 965 1525 1007 his
1555 981 1697 1020 aquas,

276 1044 322 1085 id
352 1054 424 1092 est,
453 1042 700 1083 meditando
732 1041 776 1082 in
792 1041 836 1096 6)
869 1043 954 1091 his,
999 1059 1165 1084 sensum
1198 1055 1236 1084 et
1266 1042 1527 1084 intellectum
1557 1042 1696 1099 perci-

275 1121 365 1176 piat
393 1120 599 1168 altiorem,
630 1119 813 1160 inveniet
841 1120 1007 1174 nuptias
1038 1120 1133 1160 Deo
1176 1119 1334 1171 dignas.
1410 1118 1697 1177 Conjungitur

276 1198 390 1239 enim
419 1196 560 1238 anima
592 1195 678 1253 ejus
710 1212 805 1236 cum
839 1195 950 1237 Deo.
1009 1195 1161 1238 Desilit
1192 1198 1315 1237 etiam
1349 1197 1402 1237 de
1439 1196 1621 1245 camelis,
1649 1196 1693 1238 id

275 1287 348 1324 est,
379 1273 555 1316 discedit
585 1289 608 1314 a
638 1272 756 1323 vitiis,
786 1271 988 1330 abjicit7)
1017 1271 1328 1313 irrationabiles
1344 1289 1500 1322 sensus,
1531 1284 1570 1313 et
1589 1289 1693 1314 con-

273 1352 461 1409 jungitur
490 1351 617 1392 Isaac.
675 1350 865 1404 Dignum
895 1367 1082 1405 namque
1114 1361 1186 1400 est,
1214 1361 1261 1390 ut
1289 1350 1403 1392 Isaac
1429 1362 1612 1392 transeat
1640 1351 1693 1392 de

272 1429 427 1471 virtute
456 1430 510 1471 ad
540 1429 751 1470 virtutem.
821 1427 909 1482 Qui
950 1427 1108 1470 virtutis
1149 1427 1260 1470 filius
1299 1439 1359 1470 est
1389 1428 1539 1478 Sarae,
1578 1444 1695 1469 nunc

275 1505 549 1564 conjungitur
578 1517 618 1547 et
647 1506 833 1547 sociatur
862 1505 1112 1560 patientiae,
1147 1521 1254 1562 quae
1285 1516 1346 1548 est
1376 1504 1581 1547 Rebecca.
1639 1503 1694 1545 Et

271 1585 356 1625 hoc
387 1595 446 1625 est
475 1583 651 1625 transire
684 1585 738 1625 de
766 1582 919 1624 virtute
949 1585 1002 1625 ad
1033 1583 1247 1633 virtutem,
1288 1595 1327 1624 et
1366 1599 1412 1624 ex
1442 1584 1528 1624 fide
1558 1584 1612 1623 ad
1641 1583 1693 1623 fi-

273 1661 387 1701 dem.
455 1660 542 1701 Sed
581 1670 622 1700 et
671 1660 726 1701 ad
768 1659 996 1712 Evangelia
1043 1659 1272 1702 veniamus.
1339 1660 1434 1715 Ipse
1475 1658 1691 1700 Dominus

272 1755 369 1779 curn
404 1753 450 1778 ex
479 1737 630 1778 itinere
658 1737 851 1789 fatigatus
879 1737 1094 1793 suisset,⁸)
1124 1738 1364 1786 videamus,
1394 1737 1470 1779 ubi
1499 1735 1690 1791 requiem

270 1815 447 1870 quaerit.
504 1814 644 1866 Venit,
676 1813 826 1870 inquit,
861 1816 914 1856 ad
944 1826 1136 1871 puteum,
1166 1826 1205 1855 et
1219 1815 1393 1856 sedebat
1421 1831 1549 1870 super
1580 1830 1688 1855 eum.

269 1891 397 1933 Vides
428 1891 588 1948 ubique
617 1891 699 1933 sibi
729 1892 994 1932 concordare
1025 1890 1242 1949 mysteria,
1272 1891 1386 1932 vides
1416 1891 1516 1932 novi
1546 1902 1589 1932 et
1618 1908 1687 1932 ve-

268 1968 366 2011 teris
396 1967 637 2009 testamenti
667 1985 877 2009 consonas
893 1967 938 2024 ⁹)
968 1969 1138 2009 formas.
1206 1967 1272 2008 Ibi
1303 1968 1357 2009 ad
1384 1978 1534 2024 puteos
1566 1978 1605 2010 et
1634 1969 1688 2009 ad

389 2088 431 2141 ¹)
466 2087 552 2129 Cfr.
582 2088 602 2128 I
634 2087 735 2129 Cor.
766 2087 819 2138 ΙΙ,
851 2088 916 2132 14.
1036 2086 1082 2142 ²)
1112 2087 1222 2128 Edd.
1251 2087 1447 2130 Merlini:
1478 2100 1587 2130 sunt.

382 2157 423 2211 ³)
455 2157 567 2199 Alias
608 2158 667 2213 (v.
708 2173 744 2198 c.
783 2158 827 2199 in
873 2158 967 2199 edd.
1010 2157 1120 2212 M.):
1163 2156 1386 2208 ‚‚animal.“
1446 2157 1532 2200 Sed
1561 2158 1688 2201 RIssx

267 2212 528 2265 ‚,animalis.“
558 2213 608 2254 R.

385 2282 431 2337 ⁴)
462 2282 480 2321 I
513 2282 612 2323 Cor.
645 2283 717 2333 VI,
749 2283 815 2326 17.

384 2351 428 2407 ⁵)
459 2353 580 2395 Mss.:
610 2370 744 2417 ²,unus
773 2353 942 2409 spiritus
985 2355 1084 2402 est‚“
1139 2353 1255 2397 Editi
1297 2353 1356 2409 (v.
1388 2371 1420 2396 c.
1454 2355 1547 2396 edd.
1580 2353 1686 2409 M.):

265 2426 401 2460 „unus
433 2421 491 2450 est
519 2410 690 2465 spiritus
721 2428 817 2451 cum
851 2416 940 2452 e0.“
971 2409 1022 2451 R.

380 2480 425 2535 ⁵)
457 2479 566 2523 Edd.
597 2479 793 2522 Merlini:
833 2480 903 2531 „in
935 2480 997 2523 his
1027 2497 1219 2533 sensum,
1257 2481 1516 2523 intellectum
1544 2479 1683 2537 perci-

267 2537 381 2593 Ρίειῑ(ι
414 2547 492 2577 etc.

381 2606 427 2661 ⁷)
457 2606 571 2649 Alias
599 2607 659 2662 (v.
692 2622 724 2648 c.
755 2606 797 2647 in
828 2607 923 2648 edd.
953 2606 1059 2661 M.):
1091 2605 1285 2662 „abjiciet
1315 2632 1389 2657 —,
1429 2617 1468 2648 et
1499 2605 1682 2663 conjun-

265 2669 409 2716 getur“
441 2674 517 2705 cte.
578 2663 661 2705 Sed
690 2664 788 2705 Mss.
820 2674 867 2704 ut
896 2663 940 2704 in
970 2674 1115 2706 nostro
1146 2674 1271 2705 textu.
1303 2663 1339 2703 R

380 2732 427 2787 8)
457 2732 531 2774 Ev.
562 2733 719 2775 Joann.
748 2733 820 2783 IV,
849 2734 887 2777 6.

378 2802 424 2858 9)
456 2803 526 2844 Sic
554 2804 674 2846 RIssa
707 2804 806 2846 editi
833 2820 933 2844 vero
965 2803 1023 2858 (v.
1057 2819 1089 2844 c.
1112 2805 1205 2845 edd.
1228 2803 1334 2859 M.):
1364 2814 1675 2854 „consonantes

261 2860 433 2903 formas.
488 2859 553 2902 Ibi
593 2884 645 2894 —-
682 2862 860 2911 venitur,
897 2871 940 2903 ut
979 2859 1216 2904 inveniatur
1247 2866 1429 2917 sponsa“
1459 2872 1533 2903 etc.
1566 2857 1614 2904 R-
