1764 3096
498 150 544 179 lx
577 137 776 178 GENEsm
806 134 1004 178 HomuA
1030 136 1059 175 l.
1406 138 1486 182 107

75 262 136 294 ter
166 250 354 304 medium
385 251 668 292 tenebrarum.
735 246 791 288 Et
821 248 984 289 vocavit
1011 249 1129 290 Deus
1158 250 1321 298 lucem,
1352 251 1487 292 diem:

76 341 115 371 et
143 330 337 371 tenebras
366 327 529 369 vocavit
555 336 739 367 noctem.
791 325 848 366 Et
875 327 1031 366 factum
1063 338 1328 382 est-vespere,
1358 337 1398 367 et
1426 328 1489 368 fa·

75 419 191 449 ctum
222 417 282 447 est
309 419 457 453 mane,
498 404 584 444 dies
623 407 748 444 una.“
816 402 1064 444 Secundum
1103 402 1270 444 literam
1299 403 1418 445 Deus
1450 415 1491 444 et

72 485 213 525 lucem
241 492 361 524 vocat
393 479 517 529 diem,
546 490 586 520 et
615 480 810 521 tenebras
841 492 1026 521 noctem.
1085 479 1334 522 Secundum
1363 481 1488 536 spiri-

73 561 233 601 tualerti
263 573 364 599 vero
403 555 723 608 intelligentiam
763 557 1002 606 videamus,
1050 556 1153 612 quid
1191 557 1264 607 sit,
1308 557 1489 613 quod¹)

74 653 171 678 cum
201 635 318 676 Deus
355 634 399 675 in
428 633 551 675 initio
580 635 680 684 illo,
719 635 838 690 quod
875 635 1067 690 superius
1098 633 1300 684 dix1‘mus‚
1343 632 1492 675 fecerit

73 713 241 753 coelum
274 722 313 751 et
341 723 510 760 terram,
542 710 691 752 dixerit
722 728 908 767 quoque,
937 724 984 752 ut
1012 713 1082 752 lux
1104 713 1236 762 fieret,
1270 723 1307 752 ct
1339 711 1491 752 divise-

71 789 125 831 rit
152 788 262 830 inter
289 789 480 829 medium
509 789 614 831 lucis
646 800 687 830 et
713 791 1011 838 tenebrarum,
1041 801 1080 830 et
1108 789 1322 831 vocaverit
1349 790 1491 830 lucem

74 865 200 916 diem,
230 877 269 906 et
297 867 491 908 tenebras
520 878 706 917 noctem,
738 878 776 907 et
797 867 957 916 dixerit,
988 865 1083 922 quia
1115 868 1302 916 „sactum
1334 878 1392 908 est
1422 882 1492 907 ve-

71 959 205 999 spere,
238 955 276 985 et
303 945 464 987 factum
496 956 554 985 est
583 949 758 984 mane:“
795 960 885 1002 npn
929 943 1047 984 dixit:
1090 945 1176 984 dies
1216 942 1378 999 prima:
1417 944 1491 985 sed

75 1020 196 1062 dixit:
226 1020 342 1070 „dies
369 1027 496 1062 una.“
556 1021 669 1076 Quia
699 1033 865 1077 tempus
895 1022 1092 1062 nondum
1125 1032 1232 1069 erat,
1264 1032 1490 1076 antequam

74 1109 177 1139 esset
204 1099 403 1140 mundus.
464 1084 653 1155 Tempus
695 1110 836 1140 autem
878 1114 962 1139 esse
1001 1097 1162 1154 incepit
1177 1098 1222 1153 ²)
1263 1114 1310 1138 ex
1341 1113 1491 1138 conse-

73 1175 298 1231 quentibus
327 1177 487 1218 diebus.
557 1177 755 1218 Secunda
794 1192 982 1231 namque
1024 1175 1133 1225 dies,
1173 1186 1212 1216 et
1240 1176 1361 1216 tertia
1391 1175 1492 1223 dies,

75 1264 115 1294 et
142 1265 311 1309 quarta,
356 1265 395 1294 et
424 1254 611 1310 reliquae
647 1270 795 1296 omnes
824 1265 990 1310 tempus
1019 1252 1231 1309 incipiunt
1262 1252 1490 1306 designare.

184 1331 224 1372 2.
271 1330 412 1386 ‚,Et³)
463 1331 565 1374 dixit
604 1331 745 1372 Deus:
789 1333 860 1372 fiat
909 1331 1225 1371 firmamentum
1264 1331 1310 1371 in
1346 1331 1491 1372 medio

75 1424 232 1463 aquae,
270 1419 309 1448 et
336 1408 388 1449 sit
425 1409 613 1451 dividens
641 1409 751 1450 inter
779 1407 970 1448 medinm
1002 1424 1136 1464 aquae
1167 1419 1206 1448 et
1236 1423 1381 1462 aquae.
1441 1407 1495 1448 Et

74 1487 235 1527 sactum
267 1497 326 1526 est
352 1485 422 1527 sic.
490 1485 548 1527 Et
575 1485 677 1527 fecit
706 1485 824 1527 Deus
852 1486 1211 1526 firmamentum.“
1268 1484 1378 1526 Cum
1408 1484 1495 1542 jam

75 1575 197 1604 antea
227 1562 344 1604 Deus
373 1561 533 1604 fecisset
563 1564 745 1611 coelum,
772 1579 889 1603 nunc
918 1562 1236 1603 firmamentum
1255 1563 1367 1604 facit.
1410 1561 1494 1603 Fc-

76 1639 132 1680 cit
160 1639 274 1680 enim
304 1639 472 1680 coelum
504 1640 632 1694 prius,
665 1640 717 1679 de
742 1655 827 1694 quo
853 1638 974 1680 dicit:
1007 1640 1204 1687 „eoelum
1222 1638 1267 1695 ⁴)
1295 1640 1402 1681 mihi
1430 1657 1495 1682 se-

75 1719 146 1759 des
179 1722 277 1758 est.“
347 1715 452 1757 Post
487 1715 596 1757 illud
632 1728 778 1756 autem
818 1717 1137 1758 firmamentum
1178 1716 1297 1766 facit,
1340 1716 1381 1758 id
1424 1729 1496 1767 est,

77 1808 337 1850 corporeum
369 1788 548 1836 coelum.
610 1793 754 1835 Omne
785 1794 898 1835 enim
928 1811 1082 1850 corpus
1111 1795 1286 1836 firmum
1319 1807 1378 1837 est
1405 1794 1497 1837 sine

76 1871 222 1921 dubio,
253 1882 292 1912 et
319 1871 530 1913 solidum:
561 1883 601 1912 et
630 1871 716 1913 hoc
746 1857 827 1922 est,
865 1875 984 1929 quod
1015 1872 1163 1914 dividit
1187 1873 1300 1914 inter
1329 1889 1497 1928 aquam,

78 1965 186 2005 quae
216 1961 275 2004 est
301 1965 430 2005 super
467 1951 660 2002 coelum,
703 1964 743 1993 et
772 1967 952 2006 aquam,
990 1968 1098 2007 quae
1141 1962 1201 1993 est
1238 1951 1317 1992 sub
1359 1951 1496 1992 coelo.

78 2025 189 2067 Cum
222 2026 336 2067 enim
367 2042 436 2076 ea,
475 2043 583 2084 quae
612 2029 799 2069 facturus
831 2040 918 2069 erat
947 2028 1089 2078 Deus,
1127 2044 1173 2068 ex
1203 2027 1353 2083 spiritu
1385 2044 1496 2068 con-

75 2115 233 2146 starent
261 2114 300 2144 et
329 2120 539 2159 corpore,
582 2104 660 2147 ista
707 2106 760 2145 de
800 2121 924 2146 causa
968 2103 1012 2144 in
1042 2103 1278 2160 principio,
1324 2116 1363 2145 et
1403 2116 1499 2145 ante

79 2181 224 2222 omnia
258 2182 427 2222 eoelum
459 2180 612 2224 dicitur
650 2183 831 2231 factum,
882 2181 928 2222 id
969 2192 1048 2231 est,
1093 2181 1232 2222 omnis
1270 2180 1499 2236 spiritualis

35 2261 37 2263 ’
78 2258 330 2308 substantia,
368 2275 496 2314 super
537 2275 663 2315 quam
704 2261 816 2300 velut
843 2260 887 2301 in
918 2259 1077 2300 throno
1109 2258 1299 2314 quodam
1328 2269 1368 2299 et
1399 2259 1500 2300 sede

78 2336 197 2378 Deus
226 2335 464 2392 requiescit.
538 2335 655 2378 Istud
686 2347 826 2378 autem
857 2338 1045 2386 coelum,
1086 2336 1131 2378 id
1163 2348 1220 2378 est
1249 2336 1499 2377 firmamen-

79 2425 182 2464 tum,
212 2429 472 2468 corporeum
505 2425 575 2455 est.
617 2414 674 2456 Et
703 2414 800 2456 ideo
830 2415 941 2457 illud
971 2415 1142 2471 quidem
1174 2413 1363 2470 primum
1398 2429 1498 2454 coe-

26 2522 32 2524 >
81 2491 193 2540 lum,
231 2491 350 2546 quod
388 2491 604 2546 spirituale
635 2491 836 2543 diximus,
887 2510 1007 2535 mens
1035 2505 1179 2535 nostra
1211 2502 1290 2542 est,
1320 2507 1428 2547 quae
1460 2501 1500 2531 et

203 2685 244 2741 ¹)
274 2686 384 2728 Edd.
414 2687 610 2728 Meu-lini:
652 2691 769 2743 quod
810 2707 905 2730 cum
938 2689 980 2730 In
1011 2690 1133 2730 initio
1165 2691 1264 2737 illo,
1313 2705 1397 2744 quo
1430 2706 1498 2730 su-

84 2741 224 2798 perius
256 2742 444 2793 diximus,
472 2746 617 2785 fecerit
651 2746 764 2788 Deus
795 2748 964 2787 coelum
997 2760 1071 2788 etc.

198 2812 245 2865 ²)
278 2812 430 2854 Genes.
460 2814 489 2862 1,
522 2816 561 2856 3.
593 2815 630 2855 4.
662 2816 700 2857 5.
820 2817 866 2865 ³)
899 2816 1048 2858 Gcncs.
1082 2818 1112 2866 l,
1142 2819 1179 2860 (j.
1214 2816 1250 2857 7.

201 2881 246 2937 ⁴)
278 2882 400 2926 Jcsai.
430 2883 579 2935 LXVI,
610 2887 643 2926 1,
