1764 3096
462 113 508 144 m
534 98 736 143 Gmmsm
768 97 968 140 ΗοΜιιῐΑ
996 99 1111 140 XVI.
1412 103 1494 145 271

76 214 359 274 „Aegyptii¹)
391 213 752 255 abominabantur
780 212 890 254 filios
918 211 1060 260 Israel,
1092 223 1132 252 et
1152 228 1229 267 per
1258 214 1494 268 potentiam

79 292 381 349 opprimebant
410 290 603 349 Aegyptii
632 289 739 331 filios
769 289 895 331 Israel
929 288 1147 338 violenter,
1185 301 1223 330 et
1253 289 1496 340 affligebant

75 369 200 409 vitam
231 385 378 409 eorum
408 367 453 408 in
486 366 686 423 operibus
718 367 846 415 duris,
878 368 968 408 luto
1000 378 1039 407 et
1059 368 1201 416 latere,
1223 378 1263 407 et
1294 368 1494 409 omnibus

76 445 291 502 operibus,
323 462 432 501 quae
462 457 580 486 erant
607 445 652 485 in
685 445 884 499 campi5,“
928 445 973 484 in
1012 443 1166 499 quibus
1207 445 1406 485 omnibus
1449 445 1494 486 in

72 523 310 564 servitutem
344 539 414 564 eos
444 522 690 573 redigebant
722 539 816 562 cum
847 520 899 562 vi.
966 520 1145 561 Intende
1186 537 1283 572 ergo
1316 521 1492 572 diligen-

72 600 164 649 tius,
197 601 419 655 quomodo
452 598 638 640 Hebraei
667 598 912 639 scribuntur
942 598 1149 639 violenter
1176 598 1219 638 in
1250 599 1492 641 servitutem

71 677 243 726 redacti,
276 677 429 732 quibus
458 674 660 715 naturalis
688 673 823 714 inerat
854 675 1044 725 libertas,
1091 692 1200 730 quae
1231 693 1322 716 non
1350 675 1398 716 iis
1430 678 1492 717 fa-

73 753 152 794 cile
181 755 245 794 vel
276 770 353 808 per
383 752 677 807 deceptionem
712 752 922 807 aliquam,
960 754 1031 792 sed
1074 769 1170 792 cum
1201 752 1239 792 vi
1272 765 1495 809 extorque-

70 831 205 870 batur.
281 829 448 870 Pharao
492 846 592 870 vero
637 828 886 886 Aegyptium
929 831 1140 885 populum
1180 829 1302 871 facile
1338 831 1418 871 sibi
1448 831 1491 872 in

69 907 307 948 servitutem
339 906 510 959 redegit,
540 922 618 946 nec
649 907 866 955 scribitur,
897 906 1077 961 qu0d2)
1119 923 1216 947 cum
1246 907 1286 948 vi
1317 907 1400 947 hoc
1431 909 1493 948 fc-

71 984 186 1024 cerit.
243 984 458 1026 Proclives
490 985 602 1025 enim
633 997 730 1026 sunt
764 982 963 1041 Aepyptii
995 985 1044 1025 ad
1076 985 1325 1036 degenerem
1350 984 1491 1035 vitam,

71 1072 110 1100 et
141 1061 224 1100 cito
257 1062 310 1101 ad
342 1077 513 1102 omnem
538 1062 788 1102 famulatum
821 1061 1024 1101 decidunt
1052 1061 1265 1102 vitiorum.
1310 1061 1491 1117 Respice

70 1138 124 1178 ad
166 1137 372 1189 originem
414 1137 594 1191 generis,
641 1149 680 1178 et
709 1137 978 1192 invenies,³)
1023 1139 1142 1194 quod
1180 1150 1300 1193 pater
1340 1155 1489 1179 eorum

71 1215 226 1265 Cham,
266 1215 339 1270 qui
378 1214 611 1255 nuditatem
643 1214 787 1254 riserat
815 1215 966 1270 patris,
997 1214 1293 1272 hujuscemodi
1324 1227 1492 1256 senten-

66 1292 166 1333 tiam
199 1291 374 1340 meruit,
412 1303 459 1332 ut
496 1291 607 1333 filius
640 1290 726 1348 ejus
759 1290 935 1333 Canaan
973 1309 1111 1335 servus
1156 1304 1259 1334 esset
1288 1293 1489 1335 fratribus

65 1367 160 1418 suis,
193 1385 278 1424 quo
308 1369 352 1409 in
384 1384 434 1409 eo
466 1369 698 1424 nequitiam
737 1386 910 1411 morum
959 1383 1149 1423 argueret
1180 1371 1369 1412 conditio
1400 1387 1490 1416 ser-

64 1445 216 1487 vitutis.
273 1446 376 1487 Non
409 1462 507 1497 ergo
538 1446 750 1487 immerito
781 1447 1089 1500 ignobilitatem
1119 1448 1280 1500 generis
1311 1449 1489 1488 decolor

64 1524 284 1579 posteritas
322 1522 522 1566 imitatur.
593 1523 780 1566 Hebraei
824 1541 924 1567 vero
967 1526 1126 1567 etiamsi
1163 1525 1209 1566 in
1248 1525 1489 1567 servitutem

63 1600 332 1652 redigantur,
370 1600 532 1642 etiamsi
582 1602 850 1659 tyrannidem
899 1603 1115 1658 patiantur
1163 1605 1216 1643 ab
1261 1603 1488 1661 Aegyptiis,

63 1677 273 1719 violenter
304 1689 344 1718 et
373 1677 618 1719 necessitate
647 1678 877 1734 patiuntur.
946 1680 1115 1721 Idcirco
1157 1696 1255 1731 ergo
1298 1681 1486 1722 liberan-

61 1766 130 1796 tur
160 1755 214 1795 de
245 1756 377 1796 domo
408 1754 633 1804 servitutis,
664 1767 702 1795 et
733 1756 787 1796 ad
817 1756 1052 1798 libertatem
1084 1757 1325 1813 pristinam,
1357 1775 1484 1814 quam

62 1831 182 1872 inviti
213 1831 452 1882 amiserant,
484 1843 751 1873 revocantur.
814 1833 1016 1889 Denique
1047 1834 1171 1876 etiam
1204 1835 1352 1878 divinis
1382 1834 1484 1888 legi-

61 1909 142 1949 bus
174 1907 415 1963 cavetur,⁴²)
447 1920 505 1956 ut,
535 1909 570 1950 si
599 1910 708 1950 forte
732 1910 878 1951 emerit
913 1910 1004 1966 quis
1024 1912 1269 1953 Hebraeum
1287 1929 1484 1968 puerum,

61 2001 152 2025 non
184 2001 280 2026 eum
311 1997 519 2040 perpetua
558 1986 753 2026 servitute
791 1988 1025 2042 possideat,
1053 1989 1124 2029 sed
1157 2004 1225 2028 sex
1256 1988 1374 2029 annis
1398 2005 1485 2030 ser-

60 2061 144 2103 viat
176 2061 226 2112 ei,
254 2062 435 2118 septimo
466 2078 567 2103 vero
601 2078 713 2102 anno
746 2074 860 2104 exeat
897 2064 1016 2104 liber.
1076 2065 1145 2105 De
1176 2065 1389 2122 Aegyptiis
1416 2065 1485 2106 ni-

59 2138 120 2178 hil
149 2140 232 2180 tale
263 2150 478 2189 censetur,
515 2155 594 2180 nee
632 2155 810 2195 usquam
850 2140 990 2182 dlvina
1020 2142 1084 2182 lex
1124 2157 1267 2181 curam
1299 2141 1403 2195 gerit
1431 2140 1483 2181 li-

57 2215 229 2259 bertatis
259 2216 638 2274 Aegyptiorum,⁵)
671 2216 768 2272 quia
799 2233 890 2258 eam
912 2229 1064 2274 sponte
1090 2218 1380 2274 perdiderunt,
1409 2219 1484 2259 sed

32 2304 232 2335 *aeterno
265 2310 336 2336 eos
368 2293 621 2336 conditionis
645 2293 771 2351 jug0,
808 2311 856 2336 ac
885 2295 1071 2336 servituti
1098 2307 1330 2352 perpetuae
1361 2296 1482 2336 dere-

58 2369 227 2426 linquit.
1430 2368 1433 2375 ¹

169 2450 210 2491 2.
241 2447 359 2490 Haec
401 2465 500 2504 ergo
542 2450 577 2491 si
617 2449 898 2503 intelligamus
941 2449 1235 2506 spiritualiter,
1282 2465 1391 2504 quae
1428 2447 1480 2491 sit

176 2655 220 2712 ¹)
251 2656 388 2699 Exod.
418 2659 451 2710 I,
481 2659 546 2703 12.
578 2661 645 2704 13.
676 2661 741 2706 14.
860 2660 906 2715 ²)
936 2660 1049 2702 Edd.
1080 2660 1277 2701 Merh'ni:
1308 2660 1420 2716 quia.

174 2726 221 2779 ³)
255 2726 341 2767 Cfr.
374 2728 656 2773 Genes.1x
747 2729 792 2786 ⁴²)
825 2730 912 2772 cfr.
943 2730 1081 2772 Exod.
1111 2730 1231 2771 XXI.

176 2795 220 2850 ⁵)
252 2795 322 2837 Sic
353 2798 473 2839 Mss.·
463 2815 474 2850 ;
514 2799 612 2841 editi
642 2816 740 2842 vero
769 2800 828 2856 (v.
862 2818 895 2843 c.
928 2803 1023 2844 edd.
1054 2800 1164 2858 Ma)
1209 2801 1476 2861 „Aegyptiae,

60 2850 133 2905 qui
170 2867 263 2894 eam
292 2867 446 2910 sponte
475 2857 792 2912 perdideiant.“
824 2857 874 2898 R.
