1764 3096
472 112 520 141 m
549 100 748 141 GENEsm
779 95 981 139 Honmm
1007 97 1144 140 XVII.
1433 100 1515 142 287

104 215 398 261 disserentem,
437 210 534 267 quia
576 210 722 252 divisio
763 209 888 250 simul
930 221 968 250 ct
1008 209 1213 265 dispersio
1254 211 1534 259 nominatur„

103 308 184 346 pro
219 307 290 339 eo,
332 291 449 344 quod
488 287 685 330 nonnulli
726 303 772 327 ex
801 287 898 341 ipsis
930 286 1122 328 Domino
1155 288 1448 339 crediderunt,
1478 301 1518 330 ct

104 368 174 408 alii
204 367 246 407 in
286 350 534 408 infidelitate
572 375 918 421 permanserunt,
954 363 1073 405 divisi
1112 363 1306 405 dicantur
1336 365 1402 415 hi,
1445 367 1518 421 qui

104 445 156 483 ab
187 443 234 485 iis
275 455 545 498 separantur,
593 453 632 482 et
670 441 843 481 veniunt
884 441 937 481 ad
977 441 1130 487 fidem,
1169 453 1209 482 et
1248 442 1421 497 dispersi
1460 443 1519 494 hi,

103 536 285 576 quorum
307 520 350 574 ¹)
380 513 514 576 putria
535 519 782 574 temploque
807 533 885 572 per
915 519 1063 558 orbem
1084 530 1219 559 terrae
1246 519 1514 561 incredulum

104 597 356 652 dispergitur
395 613 533 650 genus.
611 595 791 635 Videtur
834 606 872 635 et
912 611 989 648 per
1028 596 1139 650 ipsos
1183 596 1412 652 tripartitus
1442 597 1519 639 iste

103 684 244 714 motus
274 674 403 714 totius
444 671 609 712 animae
640 671 859 723 designari.
927 670 975 711 In
1015 671 1167 726 quibus
1199 672 1352 714 Ruben
1383 685 1519 715 servat

101 751 285 806 primam
315 762 460 791 notam
492 748 702 800 sanguinis
740 766 835 789 cum
873 749 1037 790 macula
1071 750 1204 790 effusi.
1275 751 1520 792 Secundam

103 827 190 868 irae
220 828 283 867 vel
315 826 469 868 furoris
503 827 683 882 speciem
717 837 829 866 tenet
860 825 1050 876 Simeon,
1083 826 1153 881 qui
1185 838 1224 866 et
1252 826 1341 882 ipsc
1376 846 1420 868 ex
1451 831 1520 869 fu-

104 904 212 946 roris
263 904 350 961 ejus
403 906 717 945 demonstratur
767 902 1017 959 opprobrio·
1098 902 1286 944 Tertiam
1332 906 1518 945 formam

104 993 246 1022 motus
276 980 574 1022 irrationabilis
616 992 729 1021 tenet
758 980 878 1029 Levi,
930 981 1090 1037 quippe
1130 981 1196 1022 cui
1229 982 1352 1033 etiam
1384 984 1519 1034 legem

102 1075 267 1099 servare
305 1057 555 1114 permissum
597 1070 663 1099 est.
746 1059 837 1099 Has
881 1074 979 1109 ergo
1025 1071 1107 1100 tres
1148 1060 1307 1115 species
1353 1060 1520 1102 videtur

105 1136 208 1176 mihi
239 1135 377 1175 omnis
407 1152 546 1190 prope
579 1135 744 1185 anima,
791 1151 898 1189 quae
938 1135 981 1175 in
1013 1136 1126 1176 hunc
1155 1137 1364 1177 mundum
1395 1137 1521 1187 venit,

103 1212 252 1267 primis
282 1212 467 1253 motibus
499 1212 764 1268 culpabiliter
794 1229 937 1264 agere,
970 1229 1102 1268 usque
1133 1229 1219 1268 quo
1249 1226 1521 1269 peccatorum

103 1289 209 1332 vitiis
247 1301 516 1344 praegravata
561 1302 599 1331 et
640 1291 851 1330 malorum
882 1288 1080 1331 societate
1118 1291 1245 1339 fessa,
1293 1291 1346 1330 ad
1376 1292 1521 1331 locum

103 1366 234 1421 possit
263 1365 550 1422 poenitentiae
580 1366 811 1422 pervenire.
879 1366 1011 1408 Judas
1053 1367 1163 1407 enim
1195 1380 1291 1422 post
1323 1368 1426 1408 haec
1455 1384 1519 1407 se-

107 1442 273 1498 quitur,
308 1444 380 1498 qui
410 1454 562 1499 purgat
593 1444 867 1485 confessionis
897 1456 1090 1499 peccata,
1123 1443 1220 1500 quia
1248 1443 1383 1485 Judas
1414 1461 1519 1484 con-

104 1519 226 1561 fessio
257 1520 558 1576 interpretatur
586 1520 726 1571 lingua
758 1521 967 1562 Hebraea.

220 1599 260 1639 4.
293 1596 364 1637 Ait
395 1614 513 1650 ergo:
545 1597 767 1651 „Juda‚²)
798 1610 838 1638 te
872 1598 1116 1639 collaudent
1144 1599 1292 1639 fratres
1320 1599 1403 1647 tui,
1431 1615 1523 1639 ma-

105 1693 184 1717 nus
215 1687 311 1716 tuae
342 1691 470 1730 super
500 1676 672 1715 dorsum
705 1675 978 1716 inimicorum
999 1680 1214 1717 tu01·um.“
1264 1674 1411 1716 Potest
1438 1676 1522 1716 hoc

107 1755 172 1795 vel
204 1754 258 1794 ad
287 1753 428 1807 ipsum
457 1750 640 1800 Judam,
678 1753 741 1792 vel
767 1754 820 1793 ad
853 1768 946 1803 eos,
988 1752 1060 1808 qui
1092 1767 1138 1791 ex
1168 1751 1296 1807 ipsius
1326 1753 1523 1793 videntur

108 1846 193 1871 esse
223 1829 439 1885 progenie,
469 1828 630 1880 referri,
665 1828 737 1884 qui
756 1846 930 1882 regnum
949 1828 1076 1881 gentis
1092 1828 1202 1871 illius
1224 1829 1520 1870 administran-

107 1906 242 1961 tes‚³)
279 1906 553 1946 inimicorum
583 1918 695 1957 terga
738 1907 1010 1946 domuerunt.
1083 1906 1168 1946 Sed
1209 1917 1248 1945 et
1277 1906 1324 1949 ia
1352 1905 1522 1946 Christo

110 1993 402 2038 competenter
431 1980 648 2036 accipitur,
680 1982 791 2037 quia
813 1981 1009 2022 fratribus
1039 1981 1134 2029 suls,
1164 1981 1207 2022 id
1230 1994 1299 2033 est,
1330 1984 1382 2023 ab
1403 1984 1522 2038 Apo—

106 2059 244 2109 stolis‚
290 2076 395 2114 quos
436 2058 524 2114 ipse
560 2060 707 2099 fratres
739 2059 783 2098 in
813 2057 1040 2109 Evangelio
1072 2058 1327 2109 nominavit,
1369 2059 1522 2100 merito

110 2139 386 2179 collaudatur.
444 2135 610 2176 Inimici
640 2152 739 2176 vero
774 2135 873 2192 ejus,
901 2152 1029 2190 super
1060 2152 1244 2191 quorum
1277 2137 1401 2177 dorsa
1432 2153 1525 2176 ma-

107 2233 188 2256 nus
221 2213 307 2272 ejus
339 2224 408 2263 est,
438 2212 498 2253 illi
536 2211 848 2263 intelliguntur,
895 2229 1000 2268 quos
1039 2225 1161 2268 pater
1197 2213 1410 2269 promittit
1444 2215 1524 2254 sub

109 2293 239 2349 pedes
281 2290 368 2348 ejus
385 2290 429 2345 ⁴)
478 2307 520 2332 se
557 2290 822 2346 positurum,
872 2290 1034 2331 dicens:
1074 2291 1270 2344 ‚‚sede⁵)
1309 2307 1332 2331 a
1372 2289 1524 2332 dextris

228 2451 271 2506 ¹)
303 2451 414 2492 Alias
446 2450 506 2505 (v,
537 2467 569 2491 c.
599 2451 643 2492 in
675 2453 768 2493 edd.
800 2451 907 2507 M.):
946 2468 1157 2506 „quorum
1197 2450 1333 2505 patria
1363 2462 1522 2491 toturn-

111 2524 191 2564 que
221 2525 299 2563 per
330 2509 507 2561 orbem“
540 2519 612 2548 etc.
671 2510 726 2548 At
755 2508 854 2550 Mss.
884 2520 930 2549 ut
959 2508 1003 2548 in
1032 2520 1180 2549 nostro
1211 2519 1337 2548 textu.
1370 2507 1421 2552 R,

226 2578 272 2632 ²)
306 2575 458 2618 Gencs.
488 2575 643 2629 XLIX,
674 2579 712 2622 8.

226 2648 272 2701 ³)
302 2647 419 2689 Editi
451 2652 510 2701 (v.
543 2665 576 2689 c.
608 2649 702 2690 edd.
733 2648 834 2694 M.):
866 2649 1214 2700 „ministrantes.“
1273 2646 1390 2689 Mssst
1422 2647 1523 2697 „ad·

111 2704 433 2746 ministrantes.“
464 2705 518 2746 R.

228 2773 273 2828 ⁴)
303 2773 412 2814 Edd.
448 2773 644 2818 Merlini:
675 2791 718 2817 se
750 2773 837 2831 ejus
868 2774 1120 2830 positurum.

227 2843 273 2898 ⁵)
305 2842 456 2886 Psalm.
491 2843 582 2892 CX,
614 2848 650 2887 1.
