1764 3096
282 80 367 125 208
882 74 1102 118 Orumzms

287 195 393 236 sicut
423 207 549 233 arena
579 187 754 237 maris,“
795 198 833 228 et
869 186 985 242 prius
1024 189 1161 228 suerat
1198 183 1534 242 pronuntiatum.
1591 187 1704 247 Quid

289 287 390 322 crgo
425 281 482 310 cst
512 283 626 308 nunc
658 264 852 320 amplius,
885 266 1001 319 quod
1031 263 1220 306 secundo
1255 263 1459 302 clamatur
1499 277 1520 303 e
1552 263 1706 306 coelo?

289 348 409 403 Quid
448 345 546 386 novi
587 340 857 394 veteribus¹)
897 339 1293 396 repromissionibus
1333 338 1533 380 additur?
1594 338 1709 399 Quid

288 427 383 482 plus
413 420 593 479 praemii
624 421 748 461 datur
777 418 820 459 in
853 434 917 467 eo,
948 419 1066 474 quod
1095 417 1215 458 dicit:
1245 414 1560 471 „propterea²)
1592 416 1710 471 quod

287 501 420 544 fecisti
451 499 627 540 verbum
659 498 794 537 hoc:“
824 495 866 536 id
900 506 970 543 cst,
1002 507 1231 552 propterea
1263 493 1381 548 quod
1416 492 1553 533 filium
1585 495 1713 533 obtu-

288 579 382 627 listi,
412 587 638 633 propterea
670 572 788 628 quod
819 588 907 612 non
938 571 1162 629 pepercisti
1194 571 1322 611 unico
1355 570 1444 610 filio
1476 568 1584 611 tuo?
1635 570 1710 610 Ni-

289 656 349 696 hil
383 651 557 707 aliud3)
589 652 779 692 additum
810 649 948 699 video,
979 650 1127 690 eadem
1159 658 1428 703 repetuntur,
1458 663 1565 702 quae
1596 647 1712 703 prius
1763 649 1764 652 ’

291 735 458 773 fuerant
497 730 764 784 repromissa.
839 725 952 778 Ergo
1002 727 1265 782 superfluum
1307 722 1517 765 videbitur
1564 725 1713 765 eadem

290 809 460 865 saepius
481 807 528 862 ⁴²)
569 801 814 845 retractari?
870 803 961 843 lmo
1009 802 1300 844 necessarium.
1360 801 1408 840 In
1446 800 1714 842 sacramentis

292 888 403 928 enini
436 885 541 924 suunt
575 893 746 929 cuncta,
792 897 900 936 quae
930 881 1051 921 fiunt.
1124 880 1342 920 Abraham
1381 878 1413 919 si
1453 889 1617 919 tantum
1650 894 1715 919 se·

291 964 481 1005 cundum
513 976 682 1001 carnem
715 959 886 1005 vixisset,
920 968 958 998 et
989 956 1112 998 unius
1132 956 1297 1012 populi,
1327 971 1452 1012 quem
1478 956 1715 996 secundum

291 1054 464 1081 carnem
495 1033 649 1088 genuit,
680 1045 801 1089 pater
829 1034 980 1081 fuisset,
1011 1050 1095 1074 una
1115 1032 1158 1087 ἰ”)
1191 1034 1399 1075 sufficeret
1430 1032 1715 1088 repromissio.

291 1119 416 1161 Nunc
449 1128 562 1162 verO,
593 1122 639 1152 ut
670 1111 908 1152 ostenderet
938 1125 1033 1150 eum
1064 1110 1206 1164 primo
1227 1120 1390 1165 patrem
1417 1112 1608 1151 futurum
1642 1126 1716 1151 eo-

297 1210 408 1241 rum,
439 1190 509 1246 qui
539 1188 775 1230 secundum
808 1202 977 1226 carnem
1011 1186 1246 1226 circumcisi
1275 1199 1392 1237 sunt,
1431 1187 1716 1229 circumcisio-

292 1270 356 1313 nis
385 1283 485 1310 suae
515 1278 711 1319 tempore
743 1264 868 1304 datur
899 1261 934 1303 ei
966 1261 1250 1316 repromissio,
1282 1278 1390 1318 quae
1421 1265 1475 1303 ad
1505 1266 1717 1320 populum

295 1341 629 1407 circumcisionis
666 1340 881 1396 pertinere
924 1340 1109 1382 deberet.
1185 1338 1411 1392 Secundo,
1461 1342 1560 1397 quia
1598 1336 1719 1398 patei·
1762 1368 1764 1372 .

294 1434 398 1466 esset
427 1422 593 1461 futurus
627 1419 751 1459 etiam
783 1433 956 1466 eorum,
997 1416 1069 1472 qui
1115 1432 1161 1457 cx
1200 1417 1284 1457 fide
1313 1429 1432 1468 sunt,
1470 1431 1510 1460 et
1539 1419 1612 1475 qui
1641 1436 1719 1475 per
1761 1462 1764 1471 4

293 1500 534 1558 passionem
567 1494 723 1536 Christi
754 1494 929 1535 veniunt
959 1495 1013 1534 ad
1044 1493 1340 1544 hereditatem,
1383 1507 1577 1553 tempore
1606 1496 1721 1538 nihi..

295 1578 482 1620 lominus
512 1572 717 1629 passionis
748 1573 887 1620 Isaac,
931 1570 1157 1626 promissio
1202 1579 1451 1620 renovatur,
1483 1583 1591 1624 quae
1621 1583 1720 1622 per-

295 1655 429 1697 tinere
460 1651 612 1691 debeat
642 1651 694 1691 ad
736 1666 832 1690 eum
874 1648 1108 1705 populum,
1147 1648 1219 1703 qui
1257 1649 1453 1703 passione
1485 1645 1639 1686 Christi
1670 1660 1719 1684 ae
1760 1690 1764 1696 ι

298 1729 607 1771 resurrectione
658 1725 852 1767 salvatur.
938 1723 994 1764 Et
1051 1725 1196 1765 eadem
1245 1725 1417 1780 quidem
1468 1721 1603 1779 repeti
1656 1721 1717 1762 vi-

298 1811 475 1853 dentur,
522 1806 595 1845 scd
628 1804 753 1855 longe
799 1802 958 1842 diversa
996 1813 1104 1842 sunt.
1163 1800 1240 1842 Illa
1271 1802 1405 1851 enim,
1459 1815 1566 1856 quae
1602 1799 1720 1854 prius

298 1885 408 1927 dicta
452 1893 570 1930 sunt,
618 1892 657 1921 et
697 1881 750 1920 ad
791 1878 985 1933 priorum
1023 1880 1235 1934 populum
1273 1879 1508 1934 pertinent,
1552 1877 1596 1917 in
1636 1888 1721 1917 ter-

297 1963 352 2003 ris
395 1959 506 2000 dicta
541 1968 649 1998 sunt.
736 1955 808 1997 Sic
850 1955 964 1996 enim
1003 1954 1105 1995 dicit
1144 1955 1385 2011 Scriptura:
1436 1952 1572 2007 „et⁶)
1616 1954 1720 1994 edu·
1746 1944 1764 1995 J

297 2039 355 2079 xit
394 2052 491 2078 cum
531 2035 707 2083 soras,“
746 2034 800 2074 de
844 2031 1123 2074 tabernaculo
1163 2032 1342 2082 scilicet,
1392 2043 1432 2072 et
1480 2030 1618 2081 „dixit
1662 2029 1721 2071 ei:
1762 2028 1764 2035 ⁴

300 2114 462 2169 respice
505 2111 644 2153 stellas
685 2110 816 2159 coeli¹
864 2111 899 2152 si
939 2109 1200 2150 dinumerari
1246 2120 1422 2164 possunt
1467 2124 1491 2150 a
1527 2106 1722 2148 multitu-

248 2229 255 2238 „
301 2191 440 2233 diue.“
524 2189 578 2229 Et
617 2188 800 2229 addidit:
849 2187 932 2237 „sie
975 2186 1052 2228 erit
1086 2202 1232 2227 semen
1270 2189 1432 2226 tuum-‘⁶
1515 2184 1605 2225 Ubi
1643 2200 1717 2224 au·
1761 2222 1764 2226 ,

300 2279 384 2308 tem
415 2267 603 2308 secundo
635 2263 837 2318 repetitur
868 2262 1159 2318 repromissiO,
1198 2261 1397 2313 designat,
1427 2259 1526 2315 quia
1555 2259 1721 2301 locutus

421 2426 464 2481 ¹)
496 2426 606 2466 Edd.
637 2425 833 2466 Merlini:
866 2424 1071 2466 veteribus
1102 2424 1165 2464 vel
1195 2421 1548 2479 promissionibus
1579 2433 1655 2463 etc.

419 2496 464 2549 2)
500 2495 649 2537 Gcnes
679 2495 818 2545 XXII,
849 2496 913 2540 16.
1031 2493 1077 2548 3)
1107 2493 1237 2534 Deest
1266 2493 1434 2541 „aliud“
1464 2492 1509 2534 in
1540 2493 1634 2533 edd.
1658 2490 1719 2532 M.
1760 2492 1762 2494 ’

418 2565 465 2621 4)
497 2566 612 2605 Alias
642 2564 700 2619 (e.
743 2582 775 2606 c.
806 2566 850 2606 in
894 2565 987 2606 edd.
1028 2563 1134 2616 M.):
1174 2563 1364 2618 „saepius
1400 2573 1643 2610 retractare,
1682 2571 1720 2601 et
1762 2586 1764 2595 ι

303 2625 444 2665 minus
473 2621 764 2662 necessarium.
821 2621 896 2662 Jn“
928 2632 1004 2662 etc.
1031 2619 1128 2662 Mss.
1160 2632 1206 2661 ut
1235 2619 1280 2660 in
1308 2630 1454 2660 nostro
1488 2629 1609 2659 textu.
1641 2616 1690 2657 R.

421 2693 465 2745 ⁵)
495 2691 618 2732 Blss:
611 2724 618 2731 .
647 2708 760 2742 „um
791 2691 1001 2732 sufficeret
1031 2690 1346 2745 repromissio.“
1375 2689 1488 2732 Alias
1518 2686 1720 2743 (wc-112

307 2750 398 2791 edd.
431 2746 544 2801 M.):
576 2764 686 2796 „una
715 2748 938 2791 suffecerat
967 2746 1278 2803 repromissio.“
1308 2745 1358 2787 R.

420 2817 466 2870 ὃ)
499 2815 648 2859 Genes.
677 2817 772 2868 XV,
802 2818 839 2859 5.

1751 2698 1760 2718 l

1752 2734 1759 2759 Ι
