1764 3096
247 78 332 124 294
858 78 1081 123 Omonms

251 191 499 234 historicam
531 191 862 248 expositionem,
899 208 1046 246 agrum
1085 191 1267 234 fertilem
1298 191 1403 241 vite,
1433 189 1680 250 ἱπερβολι-

250 270 340 319 κῶς
368 269 452 311 vini
483 269 790 312 abundantiam
816 270 1063 323 significare.
1111 270 1198 311 Sed
1218 269 1482 312 nobiliorem
1512 286 1680 312 sensum

250 347 423 405 mystica
453 347 658 403 producit
686 346 893 402 expositio
935 347 1155 402 nostra.¹)
1223 347 1335 388 Nam
1373 349 1482 389 stola
1517 346 1685 397 Christi,

254 441 364 480 quae
393 425 557 467 lavatur
582 424 626 465 in
647 424 761 474 vino,
791 423 943 466 merito
964 422 1051 482 ejus
1068 425 1317 478 intelligitur
1335 425 1523 475 ecclesia,
1556 441 1684 481 quam

253 501 343 558 ipse
372 500 595 542 mundavit
624 501 704 542 sibi
733 501 936 554 sanguine
964 519 1056 552 suo,
1092 519 1183 543 non
1199 501 1245 557 ²)
1277 502 1506 543 habentem
1536 518 1685 542 macu-

255 579 354 630 lam,
385 590 456 620 aut
486 594 658 631 rugam:
689 577 866 634 „non³)
899 579 1025 629 enim,
1055 577 1196 634 inquit
1218 579 1466 635 Apostolus,
1497 590 1687 630 argento,

257 657 322 698 vel
354 670 459 698 auro
491 657 672 698 redemti
702 656 808 706 estis,
838 657 912 698 sed
942 655 1129 711 pretioso
1162 657 1393 709 sanguine“
1425 654 1633 708 unigeniti
1665 672 1687 696 a

258 733 371 776 Deo.
430 735 477 776 In
509 732 635 791 hujus
667 736 782 775 enim
811 732 1025 786 sanguinis
1057 733 1170 783 vino,
1201 733 1245 774 id
1267 745 1337 783 est,
1369 735 1539 774 lavacro
1572 749 1690 785 rege-

258 811 514 861 nerationis,
552 827 575 852 a
618 811 787 853 Christo
832 813 995 853 lavatur
1036 810 1222 853 ecclesia.
1298 809 1690 866 consepelimur⁴)

261 887 375 929 enim
416 905 495 945 per
529 888 790 945 baptismum
821 889 864 931 in
896 900 1103 939 mortem,
1146 900 1187 929 et
1218 888 1261 930 in
1304 888 1510 940 sanguine
1549 888 1692 944 ipsius,

260 964 306 1006 id
337 977 417 1016 est,
459 967 503 1007 in
543 977 684 1008 morte
721 965 850 1020 ipsius
889 965 1169 1020 baptizamur.
1239 966 1287 1005 In
1316 966 1523 1017 sanguine
1553 977 1694 1007 autem

262 1058 369 1084 uvae
400 1043 625 1098 quomodo
659 1041 862 1083 amictum
894 1057 1019 1083 suum
1050 1041 1161 1091 lavit,
1191 1041 1423 1083 videndum
1456 1054 1527 1085 cst.
1573 1044 1695 1086 Ami-

265 1130 355 1161 ctus
384 1117 676 1176 propinquior
706 1118 931 1174 quaedam,
962 1117 1027 1158 vel
1056 1117 1259 1159 secretior
1291 1119 1467 1175 corpori
1486 1119 1605 1162 vestis
1635 1120 1694 1162 vi-

265 1196 390 1238 detur
419 1213 518 1246 esse,
549 1212 678 1252 quam
710 1196 830 1237 stola.
891 1194 948 1235 Hi
978 1209 1091 1246 erg0,
1124 1194 1196 1250 qui
1226 1196 1343 1251 prius
1373 1212 1452 1251 per
1480 1199 1696 1239 lavacrum

265 1273 344 1315 loti
372 1274 480 1317 stola
511 1273 599 1331 ejus
629 1275 797 1315 fuerant
829 1272 980 1322 effecti,
1011 1284 1289 1329 posteaquam
1313 1273 1367 1314 ad
1383 1287 1698 1316 sacramentum

266 1350 478 1404 sanguinis
508 1366 615 1393 uvae
656 1351 1019 1407 pervenerunt,⁵)
1059 1351 1123 1391 vel
1163 1350 1377 1392 interioris
1418 1352 1604 1411 mysterii
1633 1369 1699 1394 se-

270 1428 547 1485 cretiorisque
576 1428 674 1470 facti
705 1440 803 1470 sunt
831 1427 1071 1484 participes,
1104 1428 1280 1470 amictus
1313 1427 1401 1485 ejus
1432 1445 1519 1470 esse
1550 1429 1700 1471 dicun-

268 1517 349 1547 tur.
419 1506 603 1548 Lavatur
633 1504 745 1547 enim
778 1516 819 1546 et
835 1505 881 1561 ὃ)
927 1504 972 1546 in
1011 1521 1117 1547 uvae
1153 1505 1360 1558 sanguine
1399 1507 1559 1557 anima,
1603 1525 1701 1549 cum

267 1583 521 1626 sacramenti
537 1581 661 1640 hujus
687 1582 936 1638 coeperit7)
956 1599 1108 1639 capere
1137 1582 1361 1625 rationem.
1394 1585 1548 1637 Abnita
1576 1603 1701 1627 nam-

272 1670 356 1716 q‘ue
387 1671 427 1702 et
455 1661 670 1703 intellecta
699 1661 849 1702 virtute
882 1661 1096 1714 sanguinis
1130 1661 1262 1703 Verbi
1292 1660 1397 1712 Dei,
1438 1674 1599 1717 quanto
1633 1679 1702 1704 ca-

271 1739 421 1795 pacior
462 1739 611 1779 effecta
649 1737 778 1779 fuerit
822 1737 987 1788 anima,
1027 1749 1144 1780 tanto
1186 1738 1339 1794 purior
1381 1739 1428 1779 fit
1468 1751 1507 1780 et
1539 1740 1704 1781 lavatur

273 1815 465 1870 quotidie
494 1816 549 1856 ad
579 1814 776 1856 scientiae
805 1817 1070 1870 profectum,
1102 1827 1142 1856 et
1170 1815 1347 1873 jungens
1377 1832 1421 1858 se
1452 1816 1572 1867 Deo,
1611 1835 1703 1859 non

272 1892 412 1933 solum
445 1891 623 1934 amictus
653 1891 755 1948 ejus,
785 1909 934 1933 verum
967 1890 1091 1933 etiam
1121 1909 1230 1933 unus
1264 1891 1348 1949 jam
1375 1909 1473 1933 cum
1495 1892 1589 1948 ipso
1621 1893 1706 1950 spi-

273 1969 376 2012 ritus
405 1968 489 2010 fiet.
548 1969 660 2011 Huic
691 1969 929 2011 contrarius
961 1980 1050 2010 erat
1081 1969 1258 2011 amictus
1288 1969 1360 2010 ille
1388 1971 1545 2026 populi
1562 1971 1703 2021 Israel,

272 2046 320 2088 in
351 2062 452 2102 quo,
480 2058 527 2087 ut
557 2047 688 2099 gentis
717 2045 1029 2103 impudicitiam
1061 2046 1317 2100 designaret,
1359 2061 1460 2088 non*
1481 2058 1568 2089 tam
1599 2049 1704 2089 ami-

276 2133 406 2174 ctum,
427 2139 555 2179 quam
576 2124 934 2179 praecinctorium
954 2123 1202 2166 nominavit.
1251 2124 1387 2180 Quod
1405 2124 1640 2167 Hieremias
1656 2125 1703 2180 ⁸)

276 2199 545 2242 circumdare
572 2202 729 2244 lumbis
757 2202 864 2252 suis,
905 2213 944 2243 et
976 2203 1143 2243 auferre
1174 2219 1339 2253 rursus,
1382 2214 1509 2258 atque
1539 2202 1583 2244 in
1613 2203 1703 2243 Eu-

276 2276 459 2334 phraten
487 2276 659 2336 jubetur
690 2279 965 2321 abscondere.

397 2474 441 2529 ¹)
471 2474 601 2517 Deest
628 2480 826 2526 ‚,nostra“
855 2476 900 2517 in
932 2478 1026 2518 edd.
1057 2477 1119 2519 M.

395 2545 442 2600 2)
475 2545 562 2588 Cfr.
593 2546 749 2602 Ephes.
779 2547 834 2598 V,
861 2548 927 2589 27.

394 2616 442 2670 ³)
473 2617 560 2659 Cfr.
592 2617 611 2657 I
641 2616 752 2658 Petr.
780 2617 814 2668 I,
843 2618 907 2661 18·
1026 2619 1072 2675 ⁴)
1107 2617 1197 2661 Cfr.
1231 2617 1357 2659 Rom.
1391 2616 1464 2667 VI,
1492 2617 1531 2658 4ι

399 2686 442 2741 ⁵)
476 2687 585 2733 Edd.
616 2687 810 2730 Merlini:
839 2689 1122 2744 pervenerint.

397 2755 443 2810 ⁶)
472 2757 583 2799 Edd.
614 2757 809 2799 Merlini:
841 2758 974 2800 etiam.
1095 2758 1141 2815 ⁷)
1172 2758 1280 2801 Edd.
1313 2756 1506 2800 Merlini:
1549 2755 1699 2813 coepit.

398 2825 444 2880 ¹3)
478 2826 563 2868 Cfr.
596 2826 750 2869 Jerem.
787 2828 815 2868 Ῑ,
