1764 3096
471 115 518 146 m
549 101 747 145 Gamzsm
777 102 977 146 HOMILIA
1002 105 1098 148 XII.
1412 113 1496 156 233

82 216 207 259 nobis
235 208 353 265 illud,
385 218 503 272 quod
534 216 578 258 in
608 216 778 259 Psalmo
798 218 1102 273 scriptumest:
1133 219 1297 269 „revela
1316 219 1357 276 ¹)
1389 238 1492 263 ocu-

83 294 148 336 los
176 310 312 342 meos,
349 303 390 333 et
419 294 699 336 considerabo
741 292 954 336 mirabilia
995 297 1048 336 de
1088 296 1178 346 lege
1220 302 1332 337 tua.“
1404 299 1493 340 Nisi

85 370 195 411 enim
227 369 315 424 ipse
344 370 505 426 aperiat
535 371 683 411 oculos
713 381 903 421 nostros,
942 372 1165 426 quomodo
1196 374 1339 415 videre
1368 386 1493 430 pote-

79 446 209 488 rimus
237 457 351 487 tanta
382 447 496 497 haec,
528 463 635 503 quae
662 447 707 488 in
738 445 992 489 Patriarchis
1013 461 1272 491 sacramenta
1299 452 1491 492 forman-

76 534 156 572 tur,
187 539 293 578 quae
323 540 437 564 nunc
464 523 509 565 in
540 523 687 578 puteis,
717 539 833 564 nunc
862 524 906 565 in
935 525 1116 581 nuptiis,
1160 544 1275 568 nunc
1319 528 1362 569 in
1392 545 1492 583 par-

75 599 360 649 turitionibus,
390 616 505 640 nunc
537 600 659 641 etiam
689 601 733 642 in
769 601 1051 644 sterilitatibus
1082 603 1345 655 figurantur?
1407 605 1492 646 Re-

77 677 158 718 fert
186 691 372 732 namque
401 692 598 731 praesens
617 677 757 727 lectio,
789 680 907 733 quod
938 672 1139 733 „Isaac'²)
1171 680 1331 731 rogavit
1348 681 1491 723 Deum

74 769 156 809 pro
189 753 380 794 Rebecca
409 770 541 794 uxore
569 771 657 804 sua,
689 753 785 810 quia
814 754 962 796 sterilis
994 767 1101 796 erat:
1133 768 1173 796 et
1202 758 1410 799 exaudivit
1437 757 1489 799 il-

73 831 161 871 lum
195 831 324 880 Deus,
354 841 393 870 et
424 830 632 886 concepit.
687 832 745 873 Et
777 833 1058 881 exsultabant,
1095 831 1257 887 inquit,
1295 834 1418 888 pueri
1446 835 1490 875 in

76 919 197 948 utero
230 906 356 964 ejus.“
412 906 559 948 Primo
593 907 785 949 omnium
805 909 981 959 intuere,
1015 907 1117 964 quid
1139 908 1249 950 istud
1271 921 1342 960 est,
1373 912 1491 965 quod

74 985 284 1040 plurimae
314 994 552 1025 sanctarum
583 985 809 1026 mulierum
840 985 885 1027 in
915 984 1143 1041 Scripturis
1181 987 1339 1029 steriles
1366 988 1491 1029 fuisse

75 1064 328 1111 referuntur,
356 1059 465 1102 sicut
493 1059 581 1115 ipsa
613 1060 738 1112 Sara,
785 1079 883 1104 ecce
913 1073 953 1104 et
981 1079 1097 1103 nunc
1129 1062 1334 1105 Rebecca.
1403 1065 1490 1105 Sed

11 1172 15 1175 .
76 1150 115 1179 et
143 1137 304 1179 Rachel
336 1138 486 1178 dilecta
515 1136 643 1178 Israel
672 1138 819 1180 sterilis
848 1139 939 1180 fuit.
1000 1140 1124 1179 Anna
1156 1156 1327 1195 quoque
1357 1152 1490 1182 mater

75 1214 298 1264 Samuelis,
326 1212 474 1255 sterilis
504 1212 710 1256 scribitur.
769 1215 855 1257 Sed
886 1227 925 1257 et
954 1216 997 1256 in
1019 1216 1253 1268 Evangeliis
1272 1216 1489 1258 Elisabeth

72 1293 218 1334 sterilis
250 1291 374 1333 fuisse
403 1300 676 1330 memoratur.
750 1291 799 1332 In
843 1292 1041 1335 omnibus
1082 1304 1221 1334 autem
1257 1293 1342 1335 istis
1381 1311 1489 1336 unus

71 1370 140 1410 hic
158 1369 300 1410 titulus
318 1366 568 1418 designatur,
599 1368 717 1421 quod
736 1381 834 1423 post
852 1370 1104 1412 sterilitatem
1126 1381 1319 1412 sanctum
1343 1387 1490 1412 omnes

73 1446 283 1487 ediderint
309 1455 491 1500 partum.
561 1443 632 1484 Sic
674 1459 771 1496 ergo
804 1457 843 1486 et
871 1446 974 1487 haec
1005 1463 1118 1487 nune
1150 1447 1339 1488 Rebecca
1369 1448 1488 1488 steri-

68 1523 121 1565 lis
154 1523 279 1564 fuisse
309 1522 477 1571 dicitur,
508 1520 581 1561 sed
612 1521 846 1578 ‚,01·avit,³>
876 1523 1027 1579 inquit,
1057 1523 1171 1564 Isaac
1201 1541 1281 1579 pro
1315 1540 1360 1565 ea
1391 1525 1486 1565 Do—

70 1599 257 1640 minum:
291 1609 329 1639 ct
360 1597 567 1639 exaudivit
609 1598 730 1639 illum
772 1610 811 1639 et
843 1600 1050 1655 concepit.
1120 1599 1177 1641 Et
1216 1602 1486 1650 exsultabant,

73 1677 202 1731 ait,⁴)
232 1675 354 1732 pueri
382 1675 426 1716 in
456 1686 578 1716 utero
616 1674 743 1732 ejus,“
803 1676 964 1717 Sterilis
989 1677 1093 1718 haec
1124 1692 1221 1717 ecce
1251 1677 1353 1732 quid
1383 1694 1486 1718 con-

74 1753 194 1810 cepit.
252 1752 351 1793 Filii
379 1751 527 1794 sterilis
548 1762 774 1807 antequam
798 1764 1037 1802 nascantur,
1070 1753 1284 1804 exsultant,
1315 1765 1355 1794 et
1379 1770 1487 1808 quae

72 1833 363 1888 desperaverat
390 1829 608 1878 sobolem,
648 1840 787 1881 gentes
826 1841 864 1871 et
901 1832 1089 1885 populos
1118 1836 1246 1883 gestat
1275 1830 1319 1871 in
1351 1844 1486 1874 utero.

73 1909 145 1951 Sic
175 1907 288 1949 enim
319 1906 438 1948 dicit:
468 1904 672 1959 ‚‚abiit‚⁵)
701 1904 851 1960 inquit,
882 1906 1072 1948 Rebecca
1103 1907 1361 1960 interrogare
1390 1908 1486 1949 Do-

73 1984 262 2034 minum,
301 1994 339 2023 et
379 1981 481 2023 dixit
523 1981 558 2022 ei
588 1981 824 2023 Dominus:
865 1984 974 2024 duae
1012 1995 1152 2036 gentes
1182 1983 1226 2023 in
1257 1995 1379 2024 utero
1410 1995 1485 2025 tuo

72 2073 182 2111 sunt,
212 2072 252 2102 et
281 2060 366 2100 duo
404 2057 556 2114 populi
598 2059 650 2098 de
680 2069 823 2099 ventre
860 2071 934 2100 tuo
966 2064 1314 2116 separabuntur.“
1370 2061 1486 2103 Lon-

71 2155 171 2191 gum
203 2149 274 2187 cst,
305 2135 340 2178 si
369 2136 543 2177 velimus
580 2150 695 2175 nunc
735 2137 1051 2178 exsultationem
1081 2153 1314 2193 puerorum
1347 2139 1487 2179 adhuc

70 2216 114 2257 in
146 2226 265 2255 utero
297 2211 577 2255 habitantium
608 2213 873 2266 perscrutari.
931 2213 1125 2266 Longum
1156 2226 1235 2264 est,
1275 2214 1307 2255 si
1338 2216 1390 2255 de
1423 2215 1485 2256 his

74 2291 453 2348 interpretationes,
483 2299 521 2329 et
544 2286 790 2341 aenigmata,
820 2306 927 2345 quae
944 2290 1085 2332 scribit
1108 2292 1352 2347 Apostolus,
1381 2305 1483 2347 pro-

15 2371 19 2373 ’
73 2372 269 2418 feramus,
299 2368 401 2424 quid
431 2367 626 2425 mysterii,
656 2366 759 2421 quid
792 2382 939 2407 causae
969 2368 1226 2417 contineant,
1264 2384 1339 2409 cur
1371 2380 1485 2408 ante-

77 2463 204 2503 quam
234 2456 461 2487 nascantur
489 2443 633 2499 pueri,
680 2454 750 2483 aut
789 2443 947 2498 aliquid
976 2444 1020 2485 in
1051 2445 1134 2486 hoc
1162 2446 1331 2486 saeculo
1363 2457 1486 2497 agant

191 2627 235 2681 ¹)
277 2626 428 2668 Psalm.
462 2624 618 2674 CXIX,
649 2624 714 2667 18.
746 2624 992 2680 (CXVHI.)

189 2696 236 2749 ²)
266 2695 415 2737 Genes.
444 2695 585 2745 XXV,
612 2696 678 2738 21.
706 2695 774 2736 22.
891 2695 938 2751 ³)
971 2695 1121 2738 Genes.
1151 2695 1289 2747 XXV,
1317 2696 1384 2739 21.
1415 2697 1483 2740 22.

190 2763 235 2817 4)
265 2764 395 2806 Deest
424 2765 532 2814 ,‚ait“
562 2764 605 2805 in
637 2765 701 2805 ed.
733 2765 877 2807 Ruaci.

191 2833 235 2890 ⁵)
268 2833 418 2878 Gcnes.
449 2834 587 2886 XXV,
615 2835 680 2878 22.
710 2836 775 2878 23.
