1764 3096
449 116 495 147 IN
513 103 714 146 GENEsm
738 86 940 144 HonimA
957 102 1074 144 XIII.
1389 106 1470 149 251

62 228 133 273 pta
162 232 252 257 non
281 227 537 267 atramento,
567 219 641 259 sed
670 213 820 271 spiritu
849 214 934 256 Dei
961 214 1064 265 vivi,
1103 230 1193 256 non
1236 215 1282 256 in
1319 217 1473 259 tabulis

60 293 248 349 lapideis,
277 294 351 334 sed
379 293 425 335 in
455 293 608 335 tabulis
633 291 772 334 cordis
802 291 1080 334 carnalibus.“
1127 293 1270 334 Habes
1301 309 1399 346 ergo
1430 293 1476 335 in

63 382 104 412 te
134 370 272 412 literas
301 370 398 420 Dei,
439 382 479 412 et
515 371 655 412 literas
686 367 867 424 Spiritus
899 369 1042 411 sanctI.
1108 369 1155 412 Si
1194 387 1293 412 vero
1337 370 1473 412 delin-

18 472 21 474 -
63 464 176 503 quas,
205 447 294 502 ipse
324 447 402 490 tibi
432 446 659 489 conscribis
687 446 852 502 peccati
874 446 1213 503 chirographum.
1261 449 1348 489 Sed
1366 446 1475 498 vide,

62 524 174 580 quia,
204 541 299 565 cum
331 525 462 567 semel
493 523 697 565 accessisti
726 523 779 563 ad
810 540 979 564 crucem
1009 523 1186 575 Christi,
1227 536 1268 565 et
1297 525 1351 565 ad
1383 541 1474 576 gra-

60 600 162 642 tiam
190 601 411 657 baptismi,
451 601 779 657 chirographum
818 611 940 641 tuum
983 601 1098 642 cruci
1129 603 1322 650 affixum,
1363 612 1403 642 et
1431 601 1476 642 in

60 678 181 719 fonte
219 678 418 734 baptismi
456 679 642 720 deletum
681 689 753 720 est.
822 677 923 719 Non
952 678 1154 719 rescribas
1184 679 1319 727 ultra,
1368 694 1476 734 quae

61 755 198 797 deleta
228 767 348 805 sunt,
391 771 470 797 nec
500 773 691 812 repares,
738 771 847 811 quae
876 754 1035 795 abolita
1063 767 1180 804 sunt,
1221 756 1331 795 solas
1361 754 1405 795 in
1435 766 1478 795 te

59 847 176 873 serva
205 833 344 873 literas
374 833 472 882 Dei,
501 835 591 874 sola
620 833 665 874 in
693 845 734 874 te
770 843 1017 888 permaneat
1057 832 1263 887 scriptura
1294 831 1477 887 Spiritus

60 909 205 950 sancti.
279 910 364 951 Sed
394 911 615 952 redeamus
657 911 710 951 ad
739 910 877 959 Isaac,
920 921 959 950 et
994 908 1206 951 fodiamus
1246 924 1344 949 cum
1383 906 1476 963 ipso

59 998 212 1042 puteos
243 1004 378 1043 aquae
405 987 542 1029 vivae:
583 986 745 1029 etiamsi
783 986 993 1030 obsistunt
1034 984 1269 1035 Philistini,
1319 984 1479 1026 etiamsi

62 1063 271 1115 rixantur,
320 1082 401 1106 nos
444 1076 587 1106 tamen
624 1081 938 1121 perseveremus
978 1080 1075 1104 cum
1103 1062 1196 1118 ipso
1228 1075 1379 1118 puteos
1410 1064 1478 1102 fo-

63 1141 234 1191 diendo,
263 1153 310 1183 ut
342 1154 382 1183 et
409 1142 536 1184 nobis
567 1142 749 1183 dicatur:
781 1141 906 1192 „bibe
926 1140 969 1196 ι>
999 1157 1153 1196 aquam
1185 1141 1238 1182 de
1268 1139 1349 1180 tuis
1380 1141 1478 1180 fon-

62 1218 199 1268 tibus,
231 1229 272 1259 et
302 1221 355 1261 de
384 1219 463 1261 tuis
492 1219 630 1275 puteis
642 1225 679 1261 ·.“
714 1231 755 1261 et
782 1219 826 1261 in
855 1230 1019 1260 tantum
1050 1216 1285 1267 fodiamus,
1330 1228 1380 1258 ut
1408 1234 1479 1257 su-

60 1298 361 1351 perabundent
391 1313 524 1352 aquae
553 1296 671 1352 putei
700 1297 744 1338 in
772 1296 919 1353 plateis
948 1295 1116 1345 nostris,
1145 1306 1192 1335 ut
1219 1311 1309 1335 non
1340 1293 1481 1334 solum

63 1374 190 1415 nobis
220 1373 402 1415 sufficiat
430 1373 599 1415 scientia
631 1374 970 1432 Scripturarum,
1009 1373 1084 1414 sed
1118 1382 1158 1412 et
1187 1371 1292 1412 alios
1324 1371 1478 1411 docea-

3 1454 6 1457 ’
64 1467 180 1500 mus,
226 1461 267 1492 et
296 1451 401 1492 alios
431 1451 709 1507 instruamus,
752 1464 799 1492 ut
828 1451 977 1492 bibant
1006 1450 1223 1498 homines,
1261 1449 1412 1490 bibant
1442 1458 1483 1488 et

62 1544 232 1583 pecora.
299 1529 490 1569 Audiant
525 1530 777 1584 prudentes,
824 1529 999 1570 audiant
1039 1526 1250 1582 simplices
1301 1524 1482 1580 quique:

65 1604 322 1660 sapientibus
362 1617 401 1647 et
438 1605 732 1662 insipientibus
763 1606 933 1647 debitor
978 1616 1037 1646 est
1075 1605 1231 1645 doctor
1272 1601 1484 1651 ecclesiae,

64 1693 215 1738 potare
244 1683 462 1733 homines,
500 1695 650 1739 potare
690 1685 818 1725 debet
856 1695 896 1724 et
933 1698 1109 1739 pecora:
1159 1679 1255 1736 quia
1298 1690 1338 1719 et
1378 1695 1482 1733 pro-

64 1759 192 1814 pheta
225 1759 351 1801 dicit:
393 1760 614 1810 „homines
630 1761 676 1816 ²)
715 1773 756 1802 et
798 1760 988 1818 jumenta
1026 1759 1162 1801 salvos
1192 1755 1340 1805 facies,
1384 1756 1481 1796 Do-

66 1836 229 1878 mine:“
257 1836 526 1879 illuminante
562 1854 663 1888 nos,
714 1849 755 1879 et
791 1849 998 1894 purgante
1037 1837 1167 1878 corda
1203 1846 1349 1876 nostra
1388 1833 1481 1888 ipso

67 1914 261 1955 Domino
293 1916 395 1956 Jesu
427 1914 597 1956 Christo
627 1917 833 1956 salvatore
861 1926 1030 1964 nostro,
1076 1912 1144 1955 cui
1184 1923 1243 1954 est
1281 1909 1414 1965 gloria
1443 1920 1484 1951 et

66 1991 293 2048 imperium
322 1992 367 2034 in
395 1993 561 2034 saecula
590 1993 870 2034 saeculorum.
929 1994 1080 2033 Amen.

188 2197 232 2252 ¹)
261 2195 385 2236 Prov.
415 2196 466 2244 V,
499 2195 569 2239 15.

185 2266 231 2322 ²)
261 2267 417 2310 Psalm.
447 2264 649 2316 XXXVI,
683 2264 722 2307 6.
752 2265 984 2320 (XXXV.)
