1764 3096
481 103 527 134 m
559 90 758 134 Gaul-:sm
789 91 987 136 HommA
1010 93 1102 136 VII.
1416 101 1501 145 193

85 204 317 248 utre'bibit
345 218 511 258 aquam,
538 205 612 245 sed
646 203 714 245 hic
754 215 849 245 uter
879 203 996 260 quasi
1025 217 1119 247 uter
1148 207 1300 258 deficit,
1330 220 1369 251 et
1397 211 1494 254 ideo

85 284 229 338 sitit¹)
266 293 305 328 et
333 296 420 321 non
452 279 611 321 invenit
639 292 805 336 potum.
867 280 936 323 Tu
967 294 1130 333 autem,
1160 284 1233 340 qui
1259 289 1495 330 secundum

83 360 197 400 Isaac
226 355 562 411 repromissionis
594 373 634 398 es
664 357 795 407 filius,
825 357 988 414 bi-be2)
1016 375 1170 416 „aquas
1202 362 1255 403 de
1287 362 1364 403 tuis
1394 365 1494 405 fon-

83 433 264 487 tibu3‚3)
295 444 335 473 et
365 433 417 474 de
447 433 527 476 tuis
554 434 712 490 puteis:
746 449 880 489 aquae
916 451 1005 476 non
1037 437 1211 478 effluant
1248 439 1384 491 foras,
1421 442 1498 483 sed

79 510 191 550 intus
222 508 266 550 in
297 509 376 552 tuis
405 510 553 566 plateis
585 521 755 551 currant
783 522 881 552 tuae
911 518 1083 567 aquae.“
1113 515 1119 519 ’
1155 514 1232 555 1116
1261 531 1384 568 vero,
1424 518 1498 573 qui

81 587 316 627 secundum
352 603 520 627 carnem
552 599 674 628 natus
695 599 765 637 est,
796 588 848 628 de
878 600 971 629 utre
990 606 1143 645 aquam
1167 591 1288 641 bibit,
1319 606 1358 634 et
1388 611 1498 650 aqua

80 662 169 718 ipsa
200 662 341 704 deficit
371 662 420 711 ei,
454 675 491 704 et
520 663 563 704 in
592 664 734 706 multis
774 665 926 706 deficit.
993 667 1098 707 Uter
1135 668 1234 719 legis
1275 681 1332 711 est
1361 670 1496 722 litera,

81 741 133 781 de
164 757 246 795 qua
275 739 348 780 ille
378 740 555 781 carnalis
580 743 768 796 populus
787 742 908 789 bibit,
939 753 978 782 et
1005 742 1107 783 inde
1134 743 1395 788 intellectum
1427 764 1498 790 ca-

79 816 163 872 pit:
193 832 302 872 quae
330 817 448 858 litera
479 819 722 873 frequenter
752 817 788 859 ei
819 818 982 868 deficit,
1026 830 1066 859 et
1097 820 1304 876 explicare
1333 840 1377 864 se
1405 841 1497 866 non

79 905 228 950 potest.
286 893 336 933 In
367 894 507 936 multis
539 895 652 936 enim
687 897 898 937 defectum
930 894 1090 951 patitur
1119 897 1341 940 historialis
1369 898 1494 943 intel-

79 969 258 1024 ligentia.
287 969 475 1012 Ecclesia
507 983 646 1014 autem
682 974 734 1014 de
763 971 1024 1025 Evangelicis
1055 985 1094 1014 et
1109 975 1366 1029 Apostolicis
1396 979 1494 1019 fon-

78 1052 189 1091 tibus
220 1047 348 1098 bibit,
389 1047 460 1102 qui
500 1065 723 1111 nunquam
755 1049 982 1099 deficiunt,
1026 1051 1099 1091 sed
1145 1050 1190 1092 in
1227 1052 1374 1108 plateis
1410 1054 1495 1096 suis

78 1137 354 1183 percurrunt,
406 1125 504 1180 quia
545 1125 589 1166 in
628 1126 854 1167 latitudine
883 1125 1109 1181 spiritualis
1139 1126 1495 1184 interpretationis

77 1205 299 1246 abundant
325 1218 494 1257 semper
524 1213 564 1242 et
592 1202 742 1242 fluunt.
790 1201 908 1244 Bibit
939 1214 978 1244 et
1008 1204 1060 1244 de
1083 1204 1233 1259 puteis,
1264 1222 1361 1247 cum
1389 1224 1493 1263 pro-

78 1281 280 1323 fundiora
311 1294 504 1333 quaeque
531 1277 672 1320 haurit
704 1291 743 1320 et
773 1291 982 1321 scrutatur
1010 1297 1056 1321 ex
1085 1282 1185 1335 lege.
1235 1282 1318 1323 Per
1331 1282 1377 1338 ⁴)
1409 1284 1495 1326 hoc

79 1358 265 1399 arbitror
294 1353 536 1412 mysterium
571 1355 695 1396 etiam
715 1355 931 1397 Dominus
963 1369 1002 1398 et
1031 1358 1226 1400 Salvator
1253 1372 1398 1402 noster
1429 1361 1493 1402 di-

79 1437 202 1477 cebat
230 1434 284 1473 ad
315 1432 650 1481 samaritanum,
691 1431 787 1481 ubi,
827 1433 939 1473 velut
967 1433 1002 1475 si
1042 1451 1138 1475 cum
1166 1435 1256 1490 ipsa
1288 1438 1400 1488 Agar
1426 1438 1493 1478 lo-

79 1522 291 1569 queretur,
324 1508 483 1549 aiebat:
515 1509 693 1559 „omnis‚
713 1509 758 1562 5)
805 1508 876 1564 qui
907 1509 1062 1551 biberit
1093 1527 1139 1550 ex
1171 1512 1248 1552 hac
1280 1528 1412 1567 aqua,
1439 1514 1494 1556 si-

77 1590 150 1631 tiet
179 1588 355 1637 iterum;
396 1584 468 1641 qui
499 1596 639 1626 autem
670 1586 825 1627 biberit
856 1586 909 1625 de
939 1601 1070 1641 aqua,
1113 1603 1239 1642 quam
1272 1604 1347 1640 ego
1381 1591 1492 1632 dabo

80 1668 129 1718 ei,
158 1682 248 1707 non
278 1664 386 1707 sitiet
415 1662 457 1702 in
491 1668 750 1703 aeternum.“
806 1662 863 1703 Et
891 1663 963 1704 illa
994 1663 1096 1704 dicit
1127 1665 1180 1704 ad
1207 1665 1494 1710 Salvatorem:

77 1743 220 1798 υ(136)
251 1740 356 1782 mihi
384 1739 578 1783 Domine
605 1739 715 1780 hanc
747 1755 923 1795 aquam,
970 1751 1015 1781 ut
1052 1757 1143 1782 non
1174 1741 1323 1792 sitiam,
1355 1760 1494 1800 neque

25 1845 31 1850 ·
79 1820 243 1863 veniam
283 1819 366 1859 huc
414 1815 626 1858 haurire.“
711 1815 815 1857 Post
864 1817 968 1861 haec
1012 1816 1229 1861 Dominus
1273 1821 1326 1861 ad
1377 1837 1495 1864 eam:

78 1895 238 1954 ‚,qui⁷)
269 1895 414 1943 credit,
444 1893 594 1949 inquit,
624 1893 667 1934 in
699 1910 780 1944 me,
811 1893 881 1935 fiet
909 1893 954 1934 in
986 1893 1036 1935 eo
1069 1897 1163 1936 sons
1184 1912 1316 1951 aquae
1343 1898 1495 1939 salien-

79 1977 126 2018 tis
157 1974 202 2014 in
233 1973 360 2013 vitam
392 1975 647 2012 aeternam.“

193 2051 230 2093 6,
270 2048 454 2089 Errabat
494 2063 592 2099 ergo
626 2048 738 2098 Agar
779 2063 857 2102 per
887 2048 1099 2089 desertum
1130 2064 1226 2089 cum
1256 2065 1414 2105 puero,
1456 2063 1495 2092 et

80 2144 188 2185 puer
218 2126 427 2182 plorabat,
459 2135 497 2164 et
526 2121 710 2178 projecit
741 2140 835 2165 eum
869 2127 998 2175 Agar,
1039 2125 1204 2174 dicens,
1246 2141 1301 2167 ne
1329 2126 1494 2170 videam

79 2215 263 2246 mortem
291 2201 369 2243 filii
398 2200 493 2242 mei.
561 2199 662 2240 Post
702 2200 825 2249 haec,
866 2216 962 2242 cum
1000 2199 1085 2258 jam
1117 2199 1234 2256 quasi
1262 2201 1493 2245 moriturus

199 2364 242 2418 Γ)
273 2362 396 2403 Mss.:
427 2361 572 2426 „sititf‘
601 2361 719 2402 Libri
747 2361 845 2403 editi
874 2362 932 2417 (v.
954 2378 988 2403 6.
1011 2360 1104 2403 edd.
1124 2358 1229 2413 M.):
1259 2360 1491 2416 „petit.“R.

197 2433 242 2481 2}
273 2432 398 2473 Prov.
430 2432 479 2480 V,
512 2432 576 2474 15.
608 2432 672 2475 16.

197 2502 243 2558 3)
274 2502 382 2543 Edd.
412 2500 608 2542 Merlini:
646 2501 857 2543 fontibus:
899 2512 938 2542 et
978 2502 1031 2543 de
1071 2500 1208 2556 puteis
1246 2500 1326 2549 tuis
1357 2517 1492 2557 aquae

84 2575 172 2601 non
204 2560 378 2600 effluant
411 2569 485 2598 etc.

198 2631 240 2681 ³⁴)
268 2627 384 2668 Libri
429 2626 526 2668 editi
566 2626 623 2682 (v.
664 2643 698 2668 c.
742 2628 836 2667 edd.
869 2625 976 2679 M.):
1022 2625 1133 2676 „Pro
1182 2628 1265 2668 hoc
1309 2626 1493 2667 arbitror

84 2683 278 2743 mysterio
313 2685 430 2738 quod
461 2683 612 2724 etiam“
643 2695 732 2732 etc.,
763 2683 838 2724 sed
857 2681 954 2724 Mss.
976 2693 1021 2723 ut
1049 2683 1093 2723 in
1123 2695 1267 2724 nostro
1296 2694 1419 2724 textu.
1441 2681 1490 2724 R.

202 2753 247 2807 ⁵)
276 2751 353 2793 Ev.
384 2754 540 2794 Joaun.
574 2752 646 2802 IV,
678 2753 741 2795 13.
772 2755 836 2795 14.
957 2751 1002 2806 ⁶)
1034 2751 1106 2793 Ev.
1139 2752 1295 2794 Joaun.
1324 2751 1398 2803 IV,
1427 2752 1491 2796 15.

203 2822 246 2877 ⁷)
281 2822 366 2864 Cfr.
411 2838 467 2862 ev·
507 2824 663 2863 Joaun.
695 2823 767 2873 IV,
798 2823 861 2864 14.
895 2821 994 2862 coll.
1027 2822 1119 2863 edd.
1151 2823 1199 2863 N,
1233 2821 1281 2862 T.

87 2898 305 2942 OmGEms
337 2898 507 2943 OPERA.
541 2898 660 2943 Tom.
690 2899 800 2939 VIII.
1108 2898 1162 2939 13
