1764 3096
435 108 481 138 m
514 94 711 136 GENESIN
740 93 939 135 HomuA
963 95 1074 137 VIII.
1382 98 1464 140 205

49 222 140 252 tum
169 209 320 252 mundi
333 211 367 248 :“
395 206 452 248 ita
484 208 537 248 de
567 223 618 247 co
653 206 810 247 dictum
844 218 922 248 est:
951 217 1022 256 „tu
1041 204 1084 261 ¹)
1124 221 1164 247 es
1194 208 1390 250 sacerdos
1421 209 1463 249 in

50 299 292 336 aeternum,
329 285 565 325 secundum
605 284 801 324 ordinem
842 281 1201 324 Melchisedech.“
1273 284 1463 326 Tenetur

49 379 148 416 ergo
179 360 378 402 cornibus
409 360 514 401 aries
542 360 588 402 in
619 360 798 411 virgulto
830 359 1008 401 Sabech.

158 440 222 480 10.
253 436 388 492 „Et²)
421 436 594 493 accepit,
623 436 774 492 inquit,
794 437 978 487 arietem,
1010 449 1050 478 et
1080 437 1234 479 obtulit
1260 455 1356 481 eum
1381 440 1463 480 ho·-

47 517 279 556 locaustum
317 530 397 568 pro
437 513 551 555 Isaac
588 512 677 554 filio
718 529 822 562 sue,
863 525 901 554 et
937 516 1102 556 vocavit
1131 517 1348 558 Abraham
1380 535 1462 559 no-

45 607 143 631 men
172 589 258 631 loci
285 590 418 631 illius:
449 591 664 631 Dominus
696 590 842 630 videt.“
902 591 1140 635 scientibus
1166 594 1271 635 haec
1302 596 1463 645 audire,

45 667 343 719 intelligentiae
386 667 612 723 spiritualis
665 667 834 709 evidens
884 669 1088 722 panditur
1133 671 1210 711 via.
1303 672 1461 714 Omnia

46 744 171 794 enim,
201 761 308 799 quae
338 756 448 795 gesta
476 756 584 793 sunt,
615 746 669 785 ad
709 744 913 786 visionem
957 746 1224 800 perveniunt.
1294 749 1462 791 Dicitur

43 838 240 877 namque,
272 823 367 877 quia
399 822 614 863 Dominus
646 821 768 862 videt.
828 821 943 863 Visio
976 834 1131 872 autem,
1161 841 1286 880 quam
1305 826 1461 866 Domi-

42 916 120 941 nus
150 899 264 948 vidit,
292 899 336 940 in
365 898 513 955 spiritu
546 911 615 948 est,
644 910 692 939 ut
722 910 762 939 et
790 910 835 940 tu
865 899 995 948 haec,
1037 917 1144 955 quae
1170 904 1323 956 scripta
1353 915 1462 952 sunt,

41 976 86 1017 in
125 976 273 1031 spiritu
311 975 471 1018 videas:
516 988 554 1017 et
593 977 702 1018 sicut
734 977 781 1041 in
821 976 1016 1017 Domino
1055 994 1314 1033 corporeum
1355 981 1462 1021 nihil

44 1064 113 1102 est,
141 1052 196 1094 ita
230 1052 355 1093 etiam
386 1065 430 1094 tu
459 1053 505 1094 in
536 1052 598 1095 his
630 1053 829 1094 omnibus
858 1071 1119 1109 corporeum
1150 1055 1257 1097 nihil
1286 1057 1463 1109 sentias;

41 1131 113 1171 sed
142 1130 186 1169 in
217 1129 365 1186 spiritu
400 1146 569 1183 generes
601 1130 724 1172 etiam
764 1141 810 1171 tu
838 1131 973 1172 filium
1003 1132 1142 1183 Isaac,
1174 1149 1271 1174 cum
1303 1134 1461 1176 habere

43 1207 234 1262 coeperis
263 1209 447 1248 fructum
477 1208 659 1263 spiritus,
690 1208 902 1259 gaudium,
932 1226 1094 1264 pacem.
1145 1210 1285 1264 Quem
1317 1223 1460 1252 tamen

41 1284 178 1324 silium
217 1283 273 1324 ita
314 1285 487 1325 demum
525 1286 762 1335 generabis,
802 1284 836 1325 si
876 1297 924 1326 ut
963 1287 1016 1327 de
1055 1287 1159 1329 Sara
1190 1288 1459 1344 scrip111m3)

43 1372 114 1410 est,
144 1360 243 1415 quia
273 1361 519 1402 defecerunt
540 1361 669 1402 Sarae
699 1361 936 1412 muliebria,
967 1375 1005 1404 et
1033 1377 1137 1406 tunc
1167 1366 1308 1417 genuit
1331 1365 1460 1415 Isaac,

39 1438 96 1478 ita
129 1437 325 1478 deficiant
356 1449 394 1478 et
424 1438 468 1478 in
500 1438 641 1479 anima
670 1450 741 1480 tua
771 1440 1008 1489 muliebria,
1036 1453 1083 1481 ut
1110 1441 1217 1482 nihil
1247 1440 1333 1497 jam
1364 1459 1461 1484 mu-

40 1514 173 1555 liebre
205 1525 243 1554 et
273 1514 562 1556 effeminatum
596 1516 752 1556 habeas
787 1517 831 1557 in
872 1518 1010 1558 anima
1041 1528 1136 1567 tua,
1174 1519 1249 1558 sed
1287 1518 1460 1560 viriliter

43 1607 159 1643 agas,
196 1603 235 1632 et
273 1591 447 1632 viriliter
484 1591 729 1646 praecingas
767 1594 942 1634 lumbos
982 1604 1098 1634 tuos:
1151 1594 1185 1634 si
1223 1593 1274 1634 sit
1312 1605 1458 1649 pectus

41 1680 166 1727 tuum!
190 1668 365 1709 thorace
393 1666 574 1724 justitiae
596 1669 825 1719 munitum,
854 1669 887 1711 si
903 1670 948 1725 4)
981 1671 1096 1721 galea
1115 1669 1270 1720 salutis,
1304 1682 1342 1711 et
1373 1672 1459 1723 gla-

41 1744 112 1786 dio
142 1744 310 1801 spiritus
339 1744 581 1795 accingaris.
657 1747 705 1790 Si
745 1761 842 1798 ergo
883 1747 1083 1787 deficiant
1109 1746 1334 1788 muliebria
1367 1747 1460 1789 ficri

39 1823 83 1864 in
112 1822 253 1864 anima
282 1833 366 1871 tua,
397 1823 628 1879 generas⁵)
661 1824 799 1865 filium
831 1825 883 1865 de
913 1821 1093 1880 conjuge
1121 1834 1207 1873 tua,
1238 1823 1388 1865 virtute
1419 1836 1460 1865 et

39 1898 254 1955 sapientia,
283 1898 484 1949 gaudium
515 1917 563 1941 ac
594 1901 807 1943 laetitiam.
857 1899 1044 1942 Generas
1072 1911 1211 1940 autem
1243 1901 1459 1951 gaudium,

37 1975 72 2016 si
103 1991 231 2015 omne
260 1975 462 2025 gaudium
494 1976 860 2031 existimave1·is,5)
900 1993 999 2018 cum
1028 1978 1072 2018 in
1102 1976 1355 2018 tentationes
1388 1994 1457 2018 va-

39 2052 121 2093 rias
152 2051 363 2099 incideris,
395 2062 432 2091 et
462 2050 572 2093 istud
603 2053 803 2105 gaudium
836 2055 987 2094 offeras
1009 2053 1052 2093 in
1073 2052 1324 2095 sacrificium
1346 2054 1454 2098 Deo,

2 2131 8 2137 '
42 2127 152 2168 Cum
186 2127 297 2167 enim
325 2128 455 2168 laetus
486 2129 702 2171 accesseris
734 2131 788 2170 ad
817 2130 983 2179 Deum,
1014 2132 1166 2172 iterum
1197 2129 1273 2170 tibi
1305 2130 1456 2180 reddit,

0 2878 8 3096 μΡΞ-ᾐὴ-
0 2828 3 2846 v-

40 2205 160 2259 quod
191 2204 405 2254 obtuleris,
438 2215 477 2244 et
501 2205 602 2246 dicit
630 2206 719 2256 tibi,
750 2207 848 2262 quia
876 2205 1115 2259 ‚‚iterum⁷)
1151 2205 1342 2247 videbitis
1373 2224 1456 2258 me,

43 2292 81 2322 et
110 2281 307 2334 gaudebit
336 2297 410 2322 cor
439 2292 635 2333 vestrum,
666 2294 706 2324 et
734 2285 936 2336 gaudium
967 2294 1146 2326 vestrum
1175 2300 1304 2325 nemo
1336 2286 1452 2326 ause-

159 2481 202 2536 l)
231 2483 385 2525 Psalm.
418 2483 511 2535 CX,
540 2486 578 2529 4.
696 2487 742 2542 ²)
774 2485 923 2528 Genes.
952 2485 1093 2535 XXII,
1123 2486 1188 2528 13.
1219 2486 1283 2529 14,

156 2550 203 2605 3)
235 2551 387 2594 Genes.
417 2554 575 2606 XVIII,
605 2555 670 2598 11.

156 2619 203 2674 4)
236 2620 346 2663 Edd.
375 2623 569 2665 Mei—lini:
602 2625 636 2666 si
665 2627 781 2678 galea
811 2625 980 2668 salutari
1011 2637 1083 2668 etc,

151 2688 205 2743 Β)
233 2689 341 2732 Edd.
370 2691 564 2736 Merlini:
596 2710 778 2747 generes.

157 2757 204 2813 6)
234 2760 384 2801 Jacob.
416 2762 448 2811 I,
474 2767 513 2806 2.

158 2828 202 2881 ⁷)
233 2828 310 2875 Ev.
340 2831 495 2875 Joann.
524 2830 639 2885 XVI,
669 2836 732 2879 17.
761 2837 827 2880 22,
