1764 3096
494 154 539 183 ΙΝ
573 139 770 182 GENESIN
801 138 1001 182 H0M1L1A
1021 142 1071 182 ΙΙ.
1405 146 1488 190 135

76 255 158 296 rit?
191 256 245 295 Et
275 266 547 310 posteaquam
578 269 653 308 per
681 251 863 304 singulas
895 252 1055 308 species
1081 252 1164 294 hoe
1195 255 1328 295 modo
1354 258 1485 296 refra-

75 344 204 383 gatur,
236 331 350 372 addit
377 346 503 386 super
532 327 676 370 omnia
706 328 769 369 his
800 327 958 369 verbis:
1001 340 1163 370 constat
1202 345 1300 381 ergo
1340 331 1483 372 fictam

74 426 158 450 csse
185 393 384 449 fabulam}
444 405 576 459 Quod
607 406 639 447 si
671 417 742 455 est,
773 417 936 446 constat
963 422 1054 447 non
1077 421 1164 447 esse
1194 423 1218 447 a
1245 406 1342 447 Deo
1375 407 1485 449 hanc

72 486 330 540 scripturam.
391 482 476 522 Sed
507 483 560 522 ad
591 483 694 522 haee
723 499 824 531 nos,
867 498 975 537 quae
1006 500 1029 524 a
1062 483 1344 539 prudentibus
1374 483 1484 532 viris,

72 574 111 602 et
141 560 446 601 Heln-nicarum
478 559 752 600 traditionum
786 560 935 609 gnaris,
967 571 1092 615 atque
1122 576 1144 601 a
1164 559 1373 601 veteribus
1391 577 1482 602 ma-

70 636 200 687 gistris
231 635 466 685 didicimus,
496 637 549 676 ad
580 636 823 677 auditorum
855 636 1049 678 notitiam
1083 637 1333 677 deferemus.
1382 637 1482 677 Aiea

68 715 170 753 bant
201 727 298 763 ergo
328 709 533 767 majores,
563 714 680 767 quod
711 713 876 763 Moses,
920 713 1013 768 qui,
1044 738 1095 744 -
1126 725 1173 754 ut
1203 714 1255 754 de
1286 729 1337 754 eo
1369 712 1482 754 Scri—

67 802 186 845 ptura
217 799 388 830 testatur
407 814 472 838 —,
504 789 623 830 omni
651 789 854 845 sapientia
887 787 1192 845 Aegyptiorum
1221 791 1358 830 fuerat
1389 807 1485 831 eru-

67 865 186 915 ditus,
215 867 449 906 secundum
479 878 611 907 artem
643 864 953 917 geometricam,
982 880 1109 919 quam
1140 866 1370 921 praecipue
1400 868 1484 907 Ae-

66 943 192 1000 gyptii
223 944 399 992 callent,
439 943 682 983 cubitorum
723 959 948 983 numerum
988 941 1033 982 in
1072 942 1155 982 hoc
1195 944 1295 983 loco
1327 943 1481 998 posuit.

67 1022 192 1076 Apud
238 1030 468 1072 geometras
513 1019 625 1060 enim
673 1021 906 1060 seeundum
948 1034 1040 1059 eam
1091 1018 1323 1070 rationem,
1374 1037 1483 1076 quae

66 1099 281 1152 apudeos
311 1096 436 1137 virtus
466 1108 652 1147 vocatur,
683 1114 729 1138 ex
759 1097 900 1138 solido
933 1108 973 1136 et
1004 1096 1214 1151 quadrato
1246 1098 1310 1137 vel
1338 1096 1383 1137 in
1414 1114 1508 1138 sex·

64 1173 228 1214 cubitos
258 1190 366 1214 unus
396 1173 647 1228 deputatur,
697 1174 730 1214 si
761 1173 1029 1226 generaliter,
1081 1173 1144 1214 vel
1174 1184 1407 1223 trecentos,
1450 1174 1483 1216 si

64 1250 301 1293 minutatim
340 1251 586 1290 deducatur.
656 1251 780 1304 Quae
818 1250 964 1305 utique
1005 1250 1111 1291 ratio
1151 1249 1184 1291 si
1225 1251 1483 1299 observetur,

62 1328 103 1368 in
137 1325 261 1382 hujus
294 1342 416 1366 arcae
446 1342 642 1368 mensura
671 1327 940 1367 invenientur
978 1338 1019 1367 et
1046 1325 1323 1378 longitudinis
1353 1338 1392 1367 et
1421 1328 1483 1367 la-

10 1458 13 1461 ,
65 1402 252 1444 titudinis
282 1414 394 1443 tanta
424 1403 581 1457 spatia,
625 1419 732 1458 quae
775 1419 871 1443 vere
909 1403 1035 1445 totius
1063 1403 1214 1444 mundi
1244 1405 1480 1457 reparanda

64 1479 270 1531 germina,
309 1490 348 1519 et
386 1478 679 1520 universorum
713 1479 990 1520 animantium
1023 1494 1173 1533 capere
1201 1468 1386 1522 rediviva
1418 1496 1481 1522 se-

63 1556 240 1597 minaria
270 1556 496 1611 potuerint.
563 1554 702 1604 Haec,
744 1565 951 1609 quantum
991 1557 1046 1595 ad
1075 1556 1274 1596 historiae
1300 1556 1481 1611 pertinet

63 1633 294 1682 rationem,
340 1633 562 1673 adversum
607 1647 678 1671 eos
718 1630 826 1671 dicta
859 1631 961 1680 sint,
998 1631 1071 1687 qui
1099 1631 1350 1687 impugnare
1378 1633 1480 1674 seri-

62 1722 203 1766 pturas
242 1708 389 1750 veteris
427 1706 663 1749 testamenti
703 1710 919 1757 nituntur,
956 1720 1158 1764 tanquam
1200 1708 1481 1764 impossibilia

61 1789 285 1843 quaedanv
300 1797 339 1826 et
367 1784 674 1827 irrationabilia
706 1783 982 1825 continentes.

170 1865 210 1906 3.
242 1858 367 1903 Nunc
396 1878 495 1902 vero
526 1860 612 1918 jam
643 1861 917 1915 deprecantes
957 1877 1053 1902 eum
1085 1860 1225 1916 prius,
1264 1861 1337 1917 qui
1365 1863 1480 1905 solus

62 1953 197 1997 potest
226 1942 279 1980 de
307 1939 492 1980 lectione
520 1938 669 1979 veteris
696 1939 932 1978 testamenti
962 1939 1128 1978 auferre
1153 1938 1359 1988 velamen,
1388 1949 1481 1979 ten·

61 2030 195 2059 temus
224 2015 453 2071 inquirere,
498 2014 601 2069 quid
633 2012 755 2054 etiam
785 2013 1013 2068 spiritualis
1042 2013 1344 2056 aedificationis
1376 2031 1482 2057 con-

23 2124 26 2129 -
63 2095 192 2135 tineat
231 2091 453 2144 magnifica
494 2091 598 2131 haec
636 2106 757 2131 arcae
797 2091 1070 2132 constructio.
1138 2088 1249 2131 Puto
1282 2104 1396 2146 ergo,
1425 2115 1482 2124 -—-

63 2182 109 2211 ut
138 2184 213 2220 ego
245 2186 325 2224 pro
356 2166 559 2222 parvitate
588 2183 732 2207 sensus
763 2165 845 2207 mei
875 2168 1038 2222 assequi
1069 2184 1243 2223 possum
1265 2191 1332 2217 —,
1363 2169 1484 2224 quod

15 2279 20 2281 -
60 2248 168 2288 illud
200 2244 428 2294 diluvium,
473 2260 558 2298 quo
596 2259 732 2298 paene
773 2243 868 2284 finis
905 2254 1005 2284 tunc
1048 2244 1171 2285 datus
1212 2255 1271 2286 est
1301 2246 1482 2295 mundo,

62 2325 245 2364 formam
276 2332 415 2362 teneat
445 2319 539 2361 sinis
569 2318 704 2368 illius,
746 2320 818 2374 qui
859 2336 954 2361 vere
994 2320 1160 2362 futurus
1197 2333 1279 2372 est,
1317 2322 1483 2365 mundi.

63 2401 196 2455 Quod
243 2411 281 2440 et
327 2398 416 2454 ipse
454 2395 669 2438 Dominus
718 2396 1028 2450 pronuntiavit,
1077 2396 1242 2439 dicens:
1289 2397 1483 2453 „sicut¹)

65 2477 173 2517 enim
211 2476 256 2516 in
296 2475 444 2516 diebus
481 2475 577 2515 Noe
617 2474 835 2522 emebant,
879 2474 1140 2524 vendebant,
1186 2474 1484 2524 aedificabant,

65 2553 294 2601 nubebant,
325 2563 365 2593 ct
393 2563 576 2607 nuptum
608 2551 844 2597 tradebant,
875 2560 913 2589 et
932 2549 1042 2590 venit
1064 2550 1283 2602 diluvium,
1314 2562 1354 2592 et
1383 2567 1481 2607 per—

67 2629 172 2671 didit
204 2645 369 2671 omncs:
409 2628 464 2669 ita
504 2629 580 2669 erit
619 2639 658 2668 et
689 2628 890 2667 adventus
920 2625 994 2668 filii
1030 2626 1258 2668 hominis.“
1315 2628 1365 2668 In
1396 2644 1482 2682 quo

67 2705 278 2746 evidenter
306 2721 390 2745 una
423 2706 655 2760 eademque
702 2706 841 2745 forma
883 2702 1050 2754 diluvii,
1090 2704 1209 2760 quod
1247 2703 1485 2760 praecessit,

70 2808 135 2816 θ..-

186 2863 227 2917 ¹)
262 2862 345 2904 cfr.
381 2862 478 2904 Luc.
512 2863 648 2912 xvii,
678 2864 744 2907 26
778 2864 842 2906 27.
