1764 3096
265 118 347 160 122
864 115 1083 159 OMGENJS

263 232 373 273 enim
408 230 526 272 dicit:
557 229 750 278 „coelum
774 228 817 285 ¹)
847 229 951 271 mihi
983 231 1101 272 sedes
1133 234 1236 271 est:“
1267 230 1321 271 ita
1355 230 1479 283 digne
1509 234 1561 274 de
1580 234 1672 278 Deo

260 308 518 360 intelligitur,
548 319 594 348 ut
621 307 812 355 sciamus,
842 307 936 362 quia
969 308 1011 349 in
1044 309 1120 357 his,
1149 325 1332 363 quorum
1356 309 1397 349 in
1417 310 1545 352 coelis
1577 329 1674 353 con-

261 386 439 426 versatio
482 397 561 434 est,
605 385 721 425 Dens
763 385 987 440 requiescit
1027 398 1065 426 ct
1104 386 1266 427 residet.
1337 386 1383 427 ln
1424 387 1486 428 his
1525 400 1675 440 autem,

259 464 331 520 qui
364 464 505 505 adhuc
535 475 748 504 terrenum
781 463 1049 518 propositum
1083 476 1250 514 gerunt,
1288 463 1432 504 ultima
1464 482 1560 520 pars
1592 465 1675 523 ejus

256 541 551 596 providentiae
578 539 808 588 invenitur,
839 541 955 595 quod
987 539 1029 580 in
1061 534 1221 596 pedum
1254 541 1540 597 appellatione
1572 544 1676 593 sigu-

256 619 399 659 raliter
426 618 651 658 indicatur.
720 615 781 656 Ex
811 617 963 672 quibus
1002 617 1033 658 si
1064 618 1135 672 qui
1167 620 1274 659 sorte
1302 618 1487 661 studium
1520 636 1567 660 ac
1603 621 1677 660 de-

253 694 454 736 siderium
484 696 708 736 sumserint
736 695 827 735 fieri
859 696 1070 742 coelestes,
1102 695 1364 750 perfectione
1395 696 1514 745 vitae,
1546 708 1586 737 et
1610 697 1676 737 in-

252 774 441 814 tellectus
471 773 703 822 altitudine,
735 773 976 813 efficiuntur
1007 771 1130 812 etiam
1172 772 1249 827 ipsi
1279 773 1398 813 sedes
1428 773 1535 823 Dei,
1577 775 1675 817 sacti

251 850 369 906 prius
399 850 550 904 pei-ilia
583 863 622 891 et
653 850 972 891 conversatione
1004 851 1220 890 coelestes:
1253 850 1324 905 qui
1349 850 1471 891 etiam
1504 850 1672 892 dicunt:

251 928 546 984 ‚,sus‹‘itavit²)
586 945 664 970 nos
705 945 800 968 cum
836 926 1030 975 Christo,
1070 939 1108 967 ct
1138 927 1261 968 simul
1292 929 1439 968 sedere
1467 944 1545 969 nos
1575 927 1673 968 secit

249 1005 294 1046 in
327 1006 618 1046 coelestibusf‘
677 1005 761 1046 Sed
794 1017 832 1045 et
862 1005 940 1054 illi,
985 1021 1170 1060 quorum
1213 1005 1431 1047 thesaurus
1471 1005 1515 1046 in
1548 1007 1671 1047 coelo

251 1094 334 1132 est,
369 1084 566 1124 coelestes
596 1082 679 1123 dici
708 1094 886 1137 possunt
917 1095 955 1123 et
985 1084 1103 1123 sedes
1136 1082 1239 1131 Dei,
1287 1083 1490 1137 quoniam
1521 1083 1581 1124 ibi
1613 1095 1671 1124 est

249 1176 326 1201 cor
355 1176 519 1212 eorum,
549 1160 624 1200 ubi
656 1171 715 1200 est
743 1160 962 1201 thesaurus
993 1176 1155 1200 eorum.
1220 1159 1274 1199 Et
1303 1176 1392 1200 non
1431 1161 1571 1201 solum
1601 1176 1668 1201 re-

248 1237 422 1292 quiescit
450 1252 579 1292 super
611 1252 681 1277 eos
710 1236 850 1284 Deus,
885 1237 959 1276 sed
991 1248 1030 1276 et
1058 1236 1269 1277 inhabitat
1296 1237 1339 1277 in
1371 1236 1430 1277 iis.
1491 1236 1537 1278 Si
1569 1253 1667 1277 vero

244 1324 385 1354 tantus
415 1314 506 1369 quis
537 1313 648 1354 effici
678 1324 829 1368 potest,
858 1324 903 1353 ut
921 1313 1052 1369 possit
1070 1312 1230 1353 dicere:
1262 1329 1342 1361 „an
1358 1312 1404 1368 ³)
1431 1314 1667 1353 documen-

242 1403 334 1432 tum
365 1390 563 1446 quaeritis
594 1388 694 1445 ejus,
724 1389 796 1445 qui
825 1389 868 1430 in
900 1407 969 1431 me
998 1390 1190 1446 loquitur
1222 1389 1468 1431 Christus?“
1506 1390 1551 1431 in
1582 1389 1667 1430 hoc

242 1486 334 1509 non
373 1469 515 1526 solum
554 1467 765 1509 inhabitat
804 1467 944 1518 Deus,
992 1468 1066 1510 sed
1113 1467 1238 1508 etiam
1282 1467 1532 1518 inambulat.
1611 1466 1666 1507 Et

240 1557 470 1601 propterea
500 1545 677 1601 perfecti
706 1545 865 1600 quique
894 1547 1094 1601 coelestes
1123 1545 1243 1595 facti,
1280 1547 1344 1587 vel
1376 1544 1484 1586 coeli
1515 1543 1667 1595 effecti,

242 1635 442 1664 enarrant
472 1623 647 1674 gloriam
680 1621 785 1669 Dei,
827 1623 935 1663 sicut
973 1623 1017 1664 in
1049 1622 1281 1675 Psalm0⁴>
1323 1623 1487 1664 dicitur.
1555 1622 1664 1663 Pro-

239 1714 382 1758 pterea
417 1700 601 1755 denique
641 1699 858 1754 Apostoli,
905 1699 977 1753 qui
1016 1711 1135 1740 erant
1172 1700 1301 1750 coeli,
1349 1699 1574 1741 mittuntur
1608 1699 1662 1739 ad

240 1777 589 1831 enarrandum5)
620 1777 796 1829 gloriam
829 1776 935 1826 Dei,
977 1789 1017 1818 et
1055 1775 1360 1831 Boanergesss)
1398 1793 1560 1818 nomen
1593 1792 1662 1816 ac-

240 1855 415 1911 cipiunt,
448 1855 566 1910 quod
598 1866 670 1903 est,
698 1854 774 1895 filii
804 1853 995 1903 tonitrui,
1027 1866 1073 1895 ut
1095 1871 1172 1909 per
1194 1854 1371 1896 tonitrui
1394 1866 1659 1909 potestatem,

237 1950 335 1973 vere
366 1949 438 1973 eos
469 1932 612 1973 coelos
645 1947 729 1973 esse
761 1932 994 1972 credamus.
1060 1931 1267 1986 ‚,Fecit⁷)
1299 1948 1398 1984 ergo
1430 1932 1548 1973 Deus
1578 1931 1657 1971 ho-

237 2012 420 2059 minem,
464 2011 517 2050 ad
546 2008 772 2061 imaginem
804 2008 887 2049 Dei
916 2007 1014 2049 fecit
1041 2009 1205 2056 illum‚“
1274 2010 1463 2065 Oportet
1490 2025 1571 2050 nos
1600 2007 1660 2048 vi-

235 2090 350 2138 dere,
383 2103 491 2143 quae
522 2099 579 2129 est
606 2086 744 2142 istass)
773 2086 914 2139 imago
944 2086 1051 2136 Dei,
1082 2098 1122 2127 et
1150 2087 1421 2142 perquirere,
1455 2088 1508 2127 ad
1540 2083 1659 2142 eujus

233 2165 429 2216 imaginis
458 2163 777 2205 similitudinem
818 2164 951 2206 homo
989 2166 1123 2206 sactus
1164 2176 1234 2205 est.
1309 2165 1408 2205 Non
1448 2163 1559 2204 enim
1593 2163 1656 2204 di-

233 2243 316 2285 xit:
348 2243 447 2298 quia
474 2241 574 2282 fecit
601 2241 719 2282 Deus
750 2241 970 2283 hominem
1000 2244 1050 2283 ad
1081 2241 1308 2294 imaginem
1349 2253 1389 2282 et
1415 2240 1656 2282 similitudi-

233 2337 332 2361 nem
364 2335 506 2361 suam:
535 2320 630 2360 sed:
661 2320 742 2368 „ad
759 2319 803 2373 ⁹)
835 2318 1061 2372 imaginem
1080 2317 1164 2359 Dei
1195 2319 1293 2360 fecit
1318 2319 1481 2360 illum.“
1531 2316 1655 2372 Quae

235 2405 305 2412 ..—

353 2445 397 2500 1)
427 2443 550 2486 Jesai.
580 2443 729 2493 LXVI,
761 2444 799 2485 1.
918 2444 964 2501 ²)
995 2445 1152 2502 Ephes.
1180 2445 1234 2496 Π,
1263 2446 1303 2489 6.

351 2517 397 2571 ³)
430 2516 516 2558 Cfr.
543 2515 584 2555 II
617 2513 718 2556 Cor.
749 2513 865 2563 XIII,
895 2515 934 2556 3.

351 2587 396 2643 ¹²)
426 2586 580 2628 Psalm.
608 2586 727 2635 XIX,
759 2587 795 2628 1.
830 2584 1034 2640 (XVIII.)

351 2659 397 2710 5)
428 2658 538 2699 Edd.
570 2657 762 2698 Merlini:
798 2659 1091 2698 enarrandam.

349 2728 397 2782 5‘)
430 2728 518 2770 Cfr.
549 2729 684 2770 Marc.
716 2728 789 2777 III,
819 2728 884 2772 17.
1003 2728 1047 2780 7)
1081 2726 1234 2774 Genes,
1267 2728 1296 2777 I,
1325 2730 1392 2771 27.

351 2800 397 2852 ὃ)
428 2801 477 2839 ln
508 2811 628 2841 antea
661 2799 780 2842 editis
810 2803 869 2855 (v.
902 2816 935 2841 c.
967 2799 1063 2841 edd.
1094 2799 1180 2853 M.)
1211 2801 1324 2842 deest
1352 2798 1495 2850 „istest
1524 2797 1573 2840 R.

349 2867 394 2924 ⁹)
427 2869 577 2911 Genes.
608 2870 638 2920 I,
668 2872 734 2914 27.
