1764 3096
530 120 578 150 m
609 108 808 148 GENEsm
838 106 1040 148 HomuA
1057 107 1111 148 X.
1446 108 1529 171 215

119 222 152 264 si
182 230 335 264 semen*
353 218 600 267 Abrahami,
630 217 703 274 qui
733 229 793 260 est
824 217 1028 268 Christus,
1057 217 1288 259 hereditate
1317 219 1529 273 possideat

115 299 296 340 civitates
325 294 674 345 adversariorum,
704 307 743 337 et
770 311 909 337 meam
931 295 1137 336 civitatem
1163 311 1253 335 non
1284 295 1524 351 possideat?

113 377 145 417 si
174 375 218 415 in
246 388 340 414 mea
372 370 546 422 civitate,
578 373 662 413 hoc
693 385 763 421 est,
804 373 850 414 in
878 373 1017 414 anima
1046 388 1165 420 mea,
1198 387 1305 426 quae
1336 383 1394 412 est
1425 371 1521 412 civi—

111 462 169 491 tas
198 450 302 500 regis
331 448 484 501 magni,
512 466 652 505 neque
680 450 790 501 leges
820 447 921 505 ejus,
950 465 1090 505 neque
1131 447 1318 489 instituta
1354 464 1521 488 serven-

109 524 206 566 tur?
262 525 381 579 Quid
410 525 515 567 mihi
543 527 732 581 prodest,
765 527 882 581 quod
913 526 1153 568 universum
1181 525 1392 565 mundum
1421 524 1521 564 sub—

108 601 216 659 jecit,
249 613 288 643 et
316 601 655 643 adversariorum
686 602 869 644 civitates
892 603 1094 658 possidet,
1121 602 1155 644 si
1184 618 1272 642 non
1307 612 1347 640 et
1375 600 1419 640 in
1452 617 1520 640 me

107 679 365 720 adversarios
392 696 491 720 suos
520 678 681 727 vincat,
719 678 751 720 si
791 696 880 720 non
927 681 1111 721 destruat
1140 680 1299 730 legem,
1326 692 1434 732 quae
1463 687 1521 716 est

104 757 148 796 in
177 755 437 809 membris¹)
476 755 580 796 meis
617 772 856 811 repugnans
895 756 975 808 legi
1014 755 1167 796 mentis
1197 770 1339 803 meae,
1380 765 1420 793 et
1451 770 1519 794 ca—

104 832 266 888 ptivum
296 849 365 873 me
396 833 511 873 ducit
538 832 583 873 in
614 833 704 884 lege
734 831 929 888 peccati?
988 832 1060 874 Sic
1101 846 1199 882 ergo
1231 829 1520 884 unusquisque

104 922 297 951 nostrum
337 908 432 950 satis
471 920 584 960 agat,
629 921 676 949 ut
716 921 754 950 et
792 909 836 950 in
870 925 943 950 sua
971 908 1134 960 anima,
1176 906 1286 948 etin
1315 923 1392 947 suo
1425 920 1519 945 cor-

103 1003 210 1042 pore
237 986 376 1028 vincat
406 985 594 1026 Christus
625 986 884 1028 adversarios
912 1002 1024 1035 suos,
1048 996 1087 1026 et
1105 983 1330 1040 subjiciens
1363 999 1436 1023 eos
1468 999 1517 1022 ae

103 1064 368 1119 triumphans
399 1062 524 1103 etiam
551 1078 650 1104 suae
680 1063 847 1106 animae
889 1062 1102 1118 possideat
1142 1061 1362 1102 civitatem.
1417 1058 1514 1098 Hoc

104 1139 216 1180 enim
256 1141 388 1180 modo
430 1141 483 1181 de
525 1152 644 1196 parte
674 1139 761 1195 ejus
803 1140 1034 1188 efficimur,
1076 1139 1129 1179 de
1166 1150 1286 1193 parte
1324 1133 1514 1182 meliore,

101 1232 210 1270 quae
240 1228 299 1258 est
326 1217 434 1258 sicut
462 1217 605 1258 stellae
636 1205 745 1257 coeli
774 1215 818 1256 in
850 1217 1057 1265 claritate,
1087 1227 1133 1255 ut
1163 1226 1201 1255 et
1229 1231 1307 1255 nos
1336 1210 1513 1252 benedi-

101 1293 284 1333 ctionem
313 1293 546 1334 Abrahami
577 1309 726 1349 capere
756 1293 977 1349 possimus,
1005 1309 1082 1348 per
1113 1291 1327 1334 Christum
1360 1288 1511 1329 Domi-

101 1387 203 1410 uum
232 1381 438 1419 nostrum,
471 1370 538 1410 cui
553 1370 599 1425 ²)
629 1382 688 1412 est
724 1371 868 1412 honor
906 1381 946 1411 et
983 1369 1118 1422 gloria
1155 1370 1200 1411 in
1230 1367 1394 1410 saecula
1424 1381 1512 1406 sae-

99 1448 306 1488 culorum.
321 1454 324 1456 ’
363 1447 515 1488 Amen.

530 1808 953 1850 HOMILIA
1011 1808 1065 1850 X.

94 1920 163 1960 De
193 1919 409 1968 Rebecca,
451 1939 545 1965 cum
579 1923 722 1961 exisset
752 1922 803 1960 ad
836 1936 987 1974 aquam
1019 1916 1319 1964 hauriendam,
1360 1926 1399 1954 et
1432 1929 1503 1954 oc-

467 1996 660 2038 currisset
688 1999 725 2038 ei
753 2012 860 2051 puer
886 1994 1132 2035 Abrahami.

206 2098 242 2136 1.
274 2093 402 2141 Isaac,
432 2093 569 2148 inquit
598 2092 892 2148 Scriptura,³)
923 2092 1148 2140 crescebat,
1170 2102 1210 2132 et
1230 2088 1502 2130 confortaba-

92 2182 172 2218 tur,
202 2169 244 2210 id
277 2181 346 2218 est,
375 2170 574 2221 gaudium
607 2171 818 2210 crescebat
858 2169 1101 2209 Abrahamo
1142 2166 1383 2222 respicienti
1411 2180 1498 2204 nou

93 2249 146 2288 ad
178 2263 238 2295 ea,
269 2262 374 2301 quae
403 2244 613 2296 videntur,
641 2247 713 2288 sed
745 2262 852 2301 quae
881 2263 970 2286 non
1002 2246 1208 2287 videntur.
1255 2244 1354 2283 Non
1387 2241 1499 2282 enim

42 2361 47 2364 .
93 2324 302 2375 gaudebat
349 2325 401 2363 de
437 2323 729 2379 praesentibus
776 2323 1017 2371 Abraham,
1064 2336 1204 2376 neque
1244 2321 1297 2361 de
1348 2318 1497 2359 divitiis

93 2401 254 2449 mundi,
285 2412 325 2440 et
355 2401 516 2441 actibus
544 2402 711 2442 saeculi.
759 2401 845 2442 Sed
876 2401 932 2440 vis
964 2398 1110 2440 audire
1140 2398 1353 2438 Abraham
1385 2396 1499 2435 unde

91 2476 321 2530 gauderet?
379 2477 493 2518 Audi
519 2477 760 2518 Dominum
783 2478 836 2517 ad
857 2478 1044 2518 Judaeos
1075 2476 1304 2517 dicentem:
1334 2475 1497 2522 „Abra-

210 2636 254 2689 ¹)
285 2635 371 2676 Csr.
403 2636 526 2675 Rom.
559 2635 649 2683 VII,
679 2636 745 2678 23.

210 2705 256 2757 ²)
287 2704 345 2744 Ita
375 2704 472 2745 Blss.
506 2704 619 2744 Alias
649 2704 707 2758 (v,
739 2722 772 2745 c.
806 2704 846 2745 iu
882 2706 973 2746 edd.
1011 2705 1117 2758 M.)
1152 2702 1246 2753 „cui
1276 2711 1333 2742 cst
1365 2699 1495 2752 glori-1

96 2774 134 2803 ct
163 2760 390 2814 imperium
419 2760 461 2800 in
491 2762 682 2801 saecula“
715 2773 788 2803 etc.
822 2761 870 2802 R.

209 2829 254 2885 ³)
287 2827 436 2871 Genus.
467 2829 585 2877 XXI,
614 2829 651 2870 8.
