1764 3096
275 106 359 150 145
882 97 1106 140 Omcems

271 219 443 263 diversis
481 212 785 258 tentationibus
826 212 1005 264 edolati,
1056 210 1252 254 resecatis
1292 210 1493 252 omnibus
1532 211 1634 253 vitiis
1665 226 1700 254 ct

273 297 436 345 excisis,
481 294 732 350 quadratam
777 290 999 332 continent.
1030 289 1179 338 vitam,
1212 300 1251 329 ct
1281 303 1328 328 cx
1361 288 1479 328 omni
1507 300 1627 343 parte
1656 290 1702 331 li-

271 378 451 417 bratam.
498 373 608 412 Nam
640 380 834 411 auctores
869 367 1150 408 saccularium
1180 365 1390 406 librorum
1413 378 1593 420 possunt
1615 366 1705 421 qni-

273 455 370 494 dem
403 450 485 491 dici
517 450 628 499 ligna
657 446 831 495 excelsa,
861 456 902 486 et
931 444 1044 497 ligna
1074 444 1292 484 umbrosa.
1343 443 1434 483 Sub
1455 444 1572 484 omni
1595 443 1706 483 enim

272 531 387 581 ligno
427 528 590 568 excelso
641 534 680 563 ct
723 539 956 564 nemoroso
1011 520 1294 575 accusatur¹)
1343 520 1580 561 fornicatus
1625 537 1707 562 csse

272 593 417 648 Israel:
451 604 548 660 qula
580 601 642 643 illi
672 602 918 655 loquuntur
937 600 1111 655 quidem
1137 599 1308 647 excelsa,
1347 609 1385 637 et
1407 597 1557 637 florida
1581 610 1708 638 utun-

272 697 342 726 tur
372 680 639 738 eloquentia,
668 695 757 719 non
791 689 930 718 tamen
962 675 1017 717 ita
1051 687 1250 727 egerunt,
1280 686 1327 715 ut
1357 675 1490 716 locuti
1519 686 1637 716 sunt:
1671 686 1707 715 et

272 762 371 802 ideo
410 775 501 800 non
539 768 718 814 possunt
756 755 867 807 ligna
909 754 1113 809 quadrata
1155 751 1400 802 nominari,
1440 753 1555 808 quod
1590 753 1633 792 in
1665 752 1710 793 ii<

275 852 548 894 nequaquam
592 835 674 876 vita
720 845 760 875 et
805 848 945 873 sermo
989 831 1194 873 collibret.
1272 829 1340 870 Tu
1388 845 1487 880 ergo
1526 830 1559 871 si
1608 829 1710 870 sacis

275 932 443 962 arcam,
483 912 516 954 si
554 910 865 952 bibliothecam
911 923 1162 960 congregas,
1214 924 1260 947 cx
1299 908 1569 949 sermonibus
1608 925 1710 962 pro-

273 991 451 1049 pheticis
481 1002 522 1031 et
550 986 832 1044 Apostolicis,
862 986 926 1026 vel
959 1002 1139 1035 eorum,
1171 986 1243 1041 qui
1277 1003 1348 1027 cos
1380 985 1501 1027 rectis
1532 985 1631 1026 fulci
1662 986 1710 1025 li-

273 1070 364 1111 neis
391 1066 523 1110 secuti
553 1075 663 1114 sunt,
697 1062 988 1117 congrega,²)
1018 1063 1346 1111 bicameratam,
1389 1075 1428 1104 et
1466 1064 1708 1104 tricamera-

274 1161 360 1189 tam
392 1145 524 1187 facito
559 1158 673 1191 eam,
719 1156 765 1180 ex
796 1139 885 1194 ipsa
926 1140 1190 1182 narrationes
1230 1140 1447 1182 historicas
1488 1141 1621 1191 disce,
1665 1157 1710 1181 ex

272 1226 362 1281 ipsa
394 1220 639 1279 mysterium
668 1234 892 1270 magnum,
933 1218 1052 1272 quod
1093 1218 1137 1257 in
1169 1216 1340 1258 Christo
1380 1230 1419 1258 ct
1460 1218 1503 1257 in
1536 1219 1707 1259 ecclesia

273 1301 502 1357 impletur,
542 1312 735 1349 agnosce.
812 1294 874 1334 Ex
915 1294 1004 1350 ipsa
1037 1293 1161 1333 etiam
1196 1296 1424 1334 emendare
1453 1312 1615 1345 mores,
1647 1312 1710 1336 re-

272 1393 413 1420 secare
452 1375 572 1425 vitia,
619 1388 804 1428 purgare
843 1370 1053 1420 animam,
1099 1382 1225 1425 atque
1267 1387 1418 1412 exuere.
1460 1389 1550 1413 eam
1593 1373 1709 1413 omni

270 1456 443 1497 viuculo
476 1450 724 1509 captivitatis
754 1448 952 1500 intelllge‚
983 1447 1108 1490 nidos
1133 1449 1177 1489 in
1209 1465 1270 1499 ea,
1302 1460 1342 1490 et
1369 1449 1494 1492 nidos
1526 1451 1706 1493 diversa-

276 1549 370 1573 rum
402 1531 619 1578 virtutum,
652 1540 692 1569 et
720 1530 997 1583 profectuum
1031 1525 1261 1567 collocans.
1330 1526 1512 1569 Deintus
1541 1545 1640 1570 sanc
1672 1541 1708 1568 ct
1752 1550 1756 1552 ἡ

277 1607 438 1649 deforis
467 1605 744 1647 bituminabis
776 1621 883 1653 eam,
915 1605 1048 1644 corde
1078 1604 1207 1644 fidem
1240 1619 1399 1656 gerens,
1436 1623 1513 1646 ore
1542 1607 1707 1647 conse-⁵³
1760 1612 1764 1620 “

273 1685 438 1726 sionem
470 1684 715 1738 proferens:
752 1682 866 1723 intus
897 1679 1130 1730 scientiam,
1160 1681 1264 1722 foris
1297 1698 1427 1737 opera
1447 1682 1492 1735 3)
1524 1683 1707 1725 liabens:

273 1764 386 1803 intus
417 1761 547 1802 corde
586 1759 795 1807 mundus,
841 1757 944 1798 soris
982 1769 1120 1798 castus
1159 1774 1347 1814 corpore
1385 1757 1597 1803 inccdens.
1658 1761 1705 1800 In

274 1841 386 1880 hanc
417 1853 516 1889 ergo
548 1853 715 1886 arcam,
758 1835 843 1876 sive
884 1851 975 1876 eam
1022 1834 1329 1876 bibliothecam
1371 1836 1615 1878 divinorum
1655 1839 1706 1879 li-

272 1919 466 1965 brorum,
496 1913 581 1955 sive
611 1913 798 1955 animam
833 1912 1001 1952 fidelem
1030 1914 1264 1954 secundum
1296 1914 1505 1954 moralem
1535 1915 1703 1955 interim
1761 1934 1764 1954 ε

272 1994 418 2035 locum
461 2008 701 2048 ponamus,
748 1990 1024 2031 introducere
1069 1990 1197 2031 debes
1239 1991 1365 2031 etiarn
1415 1991 1614 2032 animalia
1659 2009 1703 2032 ex
1758 2012 1764 2034 τ

274 2070 393 2110 omni
422 2085 597 2121 genere,
629 2084 720 2108 non
749 2069 888 2109 solum
920 2068 1105 2117 munda,
1149 2068 1222 2108 sed
1255 2079 1294 2108 ct
1322 2068 1560 2111 immunda.
1619 2070 1704 2110 Sed

272 2147 435 2186 munda
476 2145 649 2200 quidem
689 2145 890 2185 animalia
943 2144 1066 2184 facile
1105 2162 1331 2200 possumus
1377 2147 1540 2195 dicere,
1584 2147 1704 2201 qnod
1760 2184 1764 2186 .

272 2223 493 2271 memoria,
525 2221 722 2269 eruditio,
751 2221 1001 2270 intellectus,
1024 2222 1291 2272 examinatio,
1323 2234 1362 2264 et
1391 2222 1600 2279 judicium
1630 2239 1703 2263 eo-
1744 2276 1746 2279 .

272 2316 390 2348 rum,
428 2314 537 2353 quae
566 2297 767 2348 legimus,
807 2297 971 2353 aliaque
1015 2297 1078 2339 his
1116 2298 1268 2340 similia
1307 2300 1484 2351 intelligi
1514 2313 1701 2356 possunt.

269 2376 339 2416 De
369 2374 603 2416 immundis
635 2391 733 2415 vero
765 2374 1046 2430 pronuntiare
1076 2374 1249 2416 difficile
1282 2388 1351 2426 est,
1387 2393 1496 2432 quae
1528 2389 1566 2417 et
1595 2377 1698 2419 hina

271 2464 310 2493 et
339 2452 440 2493 bina
471 2452 762 2492 nominantur.
833 2451 1142 2493 Verumtamen
1185 2465 1390 2509 quantum
1425 2452 1466 2493 in
1500 2466 1585 2495 tam
1617 2454 1696 2495 dif-

269 2530 450 2571 ficilibus
481 2529 586 2571 locis
623 2530 780 2570 audere
810 2546 1058 2584 possumus,
1102 2542 1207 2587 puto
1241 2533 1359 2587 quod
1392 2531 1697 2588 concupiscen-

390 2711 434 2765 ¹)
465 2711 502 2750 Il
536 2711 660 2764 Regg.
691 2711 830 2762 XVII,
861 2713 896 2754 7.
927 2729 1041 2768 seqq.

388 2782 434 2834 2)
468 2781 576 2822 Edd.
606 2780 805 2822 Mei-liuh
839 2799 1077 2837 congregas,

388 2851 434 2903 3)
466 2851 576 2892 Edd.
611 2851 807 2892 Merlini:
839 2868 1027 2908 operatu

1744 2457 1764 2496 -2

1710 2547 1764 2682 ,ΣΞ

1753 2706 1764 2751 l
