1764 3096
487 154 534 183 m
567 140 765 181 GENEsiN
783 137 997 178 ἨοΜηιΑ
1024 138 1048 175 Ι.
1395 138 1476 181 111

64 259 169 302 sicut
201 258 312 300 odor
340 253 428 308 agri
456 253 741 311 pleni,rquem
756 247 974 291 benedixit
996 246 1211 288 Dominus
1224 250 1259 288 :“
1291 259 1330 288 et
1357 247 1480 298 illud,

65 336 186 394 quod
217 334 273 376 ait
302 332 546 388 Apostolus,
578 329 844 384 compleatur
881 327 926 369 in
955 325 1101 368 nobis:
1133 336 1266 375 „terra
1285 324 1330 380 1>
1365 324 1479 366 enim

67 411 274 468 excipiens
313 411 553 464 frequenter
589 406 828 446 venientem
857 420 987 460 super
1021 420 1064 444 se
1093 403 1300 452 imbrem,
1345 413 1383 443 et
1413 417 1482 453 gen

66 506 218 530 nerans
248 488 423 528 herbam
454 494 745 540 opportunam
776 481 847 531 iis,
880 498 903 523 a
936 482 1090 537 quibus
1123 479 1300 531 colitur,
1341 478 1482 534 perci-

64 566 152 621 piet
181 561 494 606 benedictioms
526 560 689 601 a-Deo.
760 558 884 612 Quae
923 575 1022 599 vero
1061 557 1203 613 spinas
1237 568 1276 597 et
1302 556 1482 597 tribulos

66 643 241 697 profert,
271 638 454 694 reproba
486 649 555 687 est,
588 649 626 678 et
656 636 884 677 maledicto
912 635 1120 692 proxima,
1153 632 1270 691 cujus
1300 634 1394 676 finis
1427 646 1485 674 est

64 719 109 759 in
140 717 447 759 adustionem.“

176 796 218 836 4.
247 793 327 843 „Et
342 792 388 847 2)
418 790 620 848 produxit
639 803 747 832 terra
770 792 950 832 herbam
971 791 1087 831 foeni
1104 805 1249 832 semen
1269 789 1484 831 seminan-

66 872 114 914 tis
145 870 380 913 secundum
411 885 552 921 genus,
587 880 625 910 et
644 870 878 911 secundum
894 866 1227 917 similitudinem,
1263 879 1302 908 et
1322 866 1485 920 lignum

67 948 330 991 fructiferum
361 946 518 987 faciens
550 948 759 997 fructum,
803 943 921 1002 cujus
954 961 1098 987 semen
1129 945 1175 986 in
1202 946 1296 1001 ipso
1329 943 1485 986 faciens

67 1028 252 1068 fructum
286 1023 522 1065 secundum
552 1039 680 1075 genus
717 1039 845 1080 super
881 1030 1051 1064 terramL
1123 1022 1180 1064 Et
1222 1021 1325 1063 vidit
1354 1021 1486 1069 Deus,

69 1104 166 1159 quia
195 1103 359 1143 bonum
396 1112 467 1142 est.
535 1100 588 1141 Et
620 1101 779 1142 factum
812 1112 871 1142 est
909 1116 1106 1155 vespere,
1150 1112 1194 1141 et*
1225 1101 1386 1140 factum
1428 1109 1487 1140 est

67 1196 216 1230 mane,
246 1179 332 1220 dies
360 1178 522 1220 tertia.“
574 1179 674 1219 Non
693 1179 833 1219 solum
852 1176 973 1235 jubet
1001 1189 1138 1219 terrae
1165 1177 1362 1232 proferre
1381 1162 1489 1215 'her-

67 1259 168 1298 bam
195 1255 326 1306 foeni,
354 1256 428 1296 sed
460 1267 498 1295 et
526 1271 667 1296 semen
688 1257 897 1311 proferre,
926 1266 974 1295 ut
993 1270 1161 1310 semper
1180 1255 1366 1294 fructum
1390 1268 1491 1306 pos-

70 1334 121 1375 sit
151 1322 315 1374 afferre.
374 1332 430 1372 Et
457 1348 547 1372 non
577 1333 717 1373 solum
746 1330 868 1389 jubet
895 1332 1059 1382 lignum
1091 1329 1381 1378 fructiferum,
1416 1329 1491 1370 sed

74 1421 113 1451 et
142 1410 299 1451 faciens
328 1425 497 1457 semen,
540 1407 657 1464 cujus
686 1424 830 1450 semen
858 1408 903 1448 in
932 1409 1024 1463 ipso
1058 1419 1128 1458 est,
1155 1407 1391 1450 secundum
1422 1419 1492 1456 ge-

73 1493 176 1538 nus,
212 1487 258 1528 id
290 1497 370 1536 est,
409 1497 456 1525 ut
482 1501 650 1541 semper
681 1501 727 1526 ex
756 1486 820 1526 his
845 1485 1100 1534 seminibus,
1131 1500 1240 1539 quae
1267 1482 1313 1524 in
1342 1499 1384 1524 se
1415 1483 1492 1523 ha-

73 1565 158 1614 bet,
187 1564 372 1604 fructum
403 1561 538 1617 possit
566 1563 732 1604 afferre.
787 1563 845 1603 Et
881 1578 961 1604 nos
1003 1577 1101 1613 ergo
1131 1561 1186 1602 ita
1219 1560 1423 1601 debemus
1454 1570 1494 1599 et

34 1644 37 1648 ”
73 1641 329 1682 fructificare
357 1639 565 1688 fructum,
606 1637 651 1678 et>
681 1638 841 1680 semina
871 1640 1029 1680 habere
1058 1637 1103 1679 in
1132 1636 1258 1678 nobis
1287 1636 1409 1692 ipsis,
1447 1636 1491 1676 id

76 1729 146 1766 est,
176 1716 370 1758 omnium
400 1717 622 1756 bonorum
657 1732 839 1772 operum
879 1715 1162 1771 omniumque
1197 1714 1400 1756 virtutum
1430 1729 1495 1754 se-

75 1793 192 1835 mina
221 1792 266 1834 in
308 1792 439 1833 corde
474 1803 623 1834 nostro
667 1793 908 1835 continere:
943 1805 992 1835 ut
1027 1793 1133 1835 haec
1171 1793 1375 1833 hahentes
1412 1791 1494 1832 fixa

75 1870 121 1912 in
147 1870 359 1910 mentibus
389 1869 555 1920 nostris,
585 1886 633 1912 ex
661 1871 760 1927 ipsis
790 1871 876 1928 jam
907 1887 1055 1913 omnes
1087 1881 1216 1919 actus,
1247 1869 1322 1925 qui
1349 1868 1496 1910 incur-

50 1947 208 1988 'rerint
236 1945 375 1995 nobis,
404 1948 640 1989 secundum
669 1946 872 2005 justitiam
901 1964 1108 2001 geramus.
1150 1946 1222 1988 Isti
1253 1957 1352 1988 sunt
1380 1944 1494 1985 enim

77 2023 246 2066 seminis
278 2023 388 2064 illius
417 2025 598 2075 fructus,
627 2037 741 2066 actus
769 2024 926 2075 nostri,
954 2024 1103 2081 qui3)>
1126 2040 1175 2065 ex
1202 2023 1322 2065 bono
1355 2021 1496 2064 cordis

77 2100 212 2142 nostri
248 2099 443 2141 thesauro
487 2102 778 2156 proferuntur.
855 2102 901 2144 Si
940 2118 1040 2143 vero
1083 2100 1277 2143 audimus
1322 2098 1496 2155 quidem

77 2177 269 2226 verbum,
299 2187 339 2216 et
371 2193 418 2217 ex
449 2177 595 2220 auditu
621 2178 759 2221 statim
787 2189 897 2220 terra
920 2191 1064 2221 nostra
1081 2177 1285 2235 producit
1306 2177 1499 2225 herbam,

44 2277 50 2279 -
81 2266 120 2295 et
149 2255 254 2295 haec
282 2254 427 2305 herba,
457 2266 684 2310 antequam
714 2257 769 2296 ad
799 2254 1081 2298 maturitatem
1124 2257 1187 2298 vel
1218 2256 1273 2296 ad
1310 2255 1499 2295 fructum

81 2331 232 2382 veniat,
263 2332 432 2381 aruerit,
461 2343 572 2374 terra
600 2344 745 2374 nostra
774 2345 944 2389 petrosa
975 2334 1272 2391 appellabitur.
1320 2331 1368 2373 Si
1396 2346 1496 2371 vero

85 2424 145 2458 ea,
175 2425 283 2465 quae
313 2408 536 2459 dicuntur,
578 2410 938 2465 profundioribus
964 2411 1153 2453 nitantur
1180 2409 1227 2451 in
1257 2410 1388 2450 corde
1418 2423 1500 2448 no-

84 2489 172 2526 st'ro
203 2485 439 2536 radicibus,
482 2485 538 2527 ita
567 2498 616 2528 ut
645 2499 684 2529 et
710 2489 901 2530 fructum
933 2505 1113 2546 operum
1143 2490 1335 2538 afferant,
1367 2497 1407 2527 et
1436 2500 1500 2527 se-

87 2561 202 2603 mina
229 2563 272 2604 in
301 2579 344 2608 se
374 2564 558 2605 habeant
586 2567 854 2617 futurorum,
893 2578 994 2608 tunc
1034 2582 1130 2608 vere
1170 2562 1501 2622 uniuscujusque

209 2702 249 2756 ¹¹)
282 2702 409 2744 Hebr.
440 2703 513 2753 VI,
543 2705 580 2746 7.
611 2706 649 2747 8.
768 2704 813 2761 ²)
849 2705 1000 2747 Genes.
1032 2706 1061 2755 I,
1094 2706 1159 2748 12.
1191 2704 1254 2746 13.

181 2771 251 2834 ,3)
283 2772 351 2812 Sic
392 2773 551 2813 habent
587 2775 684 2816 Mss.
726 2775 922 2830 Impressi
962 2792 1059 2816 voro
1099 2776 1157 2830 (e.
1198 2790 1232 2815 c.
1269 2773 1364 2814 cdd.
1397 2770 1502 2825 M.):

91 2842 191 2882 „qul
239 2844 284 2867 ex
326 2829 449 2868 bonis
490 2830 628 2871 cordis
669 2832 802 2871 nostri
849 2833 1050 2873 thesauris
1092 2831 1380 2886 proferuntur.
1457 2828 1501 2867 Si

93 2899 190 2925 vero
224 2884 417 2924 :indimus
448 2884 619 2940 quidem
652 2887 867 2935 vvrbum,“
903 2900 974 2929 vic.
1012 2888 1056 2926 R.
