1764 3096
485 112 528 140 m
561 96 761 138 Gnnnsm
793 94 995 139 ΗοΜηΙΑ
1022 94 1136 136 VIII.
1433 96 1516 142 195

102 214 366 261 claudamus,
416 212 520 252 dum
569 225 660 251 non
705 207 921 260 vigilamus
961 208 1006 251 in
1043 207 1257 249 intellectu
1296 206 1516 262 spirituali,

98 307 237 348 neque
263 286 431 331 solliciti
459 303 626 336 sumus,
668 296 714 326 ut
751 303 952 351 somnum
984 283 1263 327 discutiamus
1295 285 1347 325 ab
1381 285 1514 327 oculis

97 367 260 415 nostris,
289 375 329 405 et
358 364 722 419 contemplemur,
773 378 882 418 quae
922 361 1155 419 spiritualia
1196 371 1315 412 sunt,
1363 361 1425 402 uti
1460 378 1517 403 ne

95 460 190 485 cum
221 441 389 497 populo
422 439 580 481 carnali
621 438 733 479 circa
774 438 910 495 ipsam
953 456 1105 496 aquam
1147 437 1275 494 positi
1317 452 1520 488 erremus,

92 519 194 575 quin
226 517 367 573 potius
397 516 632 570 vigilemus,
677 526 717 557 et
747 532 844 557 cum
887 517 1099 574 propheta
1141 513 1352 557 dicamus:
1389 514 1518 569 „si¹)

94 595 254 636 dedero
297 609 497 634 somnum
544 592 678 635 oculis
715 592 840 642 meis,
880 605 920 634 et
954 592 1171 649 palpebris
1209 591 1312 633 meis
1353 590 1519 633 dormi-

94 672 318 720 tationem,
372 681 444 710 aut
496 669 686 725 requiem
727 669 992 725 temporibus
1045 669 1170 719 meis,
1221 671 1361 711 donec
1398 668 1515 709 inve-

92 747 205 789 niam
236 749 381 788 locum
420 747 642 796 Domino,
681 747 1005 788 tabernaculum
1045 745 1143 787 Deo
1183 746 1363 788 Jacob.“
1431 745 1515 802 Ipsi

38 824 41 827 ’
93 823 224 876 gloria
255 835 294 865 ct
322 823 552 880 imperium
583 823 628 864 in
658 824 824 865 saecula
854 824 1136 865 saeculorum.
1197 825 1347 864 Amen.

498 1295 922 1335 HOMILIA
981 1294 1092 1335 VIII.

184 1394 254 1435 De
284 1409 350 1447 eo,
386 1393 504 1448 quod
537 1391 692 1433 obtulit
723 1393 940 1434 Abraham
970 1391 1105 1434 filium
1135 1409 1257 1434 suum
1288 1392 1415 1435 Isaac.

204 1507 242 1547 1.
274 1504 485 1545 Adhibete
516 1505 600 1546 huc
633 1520 773 1554 aures,
812 1505 885 1560 qui
916 1503 1139 1546 accessistis
1170 1505 1224 1545 ad
1255 1504 1508 1553 Dominum,

91 1583 163 1641 qui
199 1582 345 1624 fideles
399 1597 485 1623 esse
530 1598 604 1623 vos
644 1580 834 1630 creditis,
885 1592 924 1621 et
967 1579 1234 1622 considerate
1273 1580 1510 1633 diligentius

88 1659 453 1718 quemadmodum
480 1658 671 1700 fidelium
704 1658 806 1698 fides
837 1658 1048 1714 probatur
1077 1673 1125 1698 ex
1155 1657 1232 1707 his,
1263 1674 1372 1714 quae
1403 1658 1510 1699 reci-

86 1750 172 1781 tata
199 1749 296 1780 sunt
324 1736 460 1778 nobis.
512 1734 654 1790 „Et²)
684 1737 842 1776 factum
875 1746 945 1785 est,
974 1735 1124 1791 inquit,
1154 1746 1251 1791 post
1280 1735 1385 1776 haec
1415 1752 1507 1777 ver-

87 1818 156 1867 ba,
181 1813 354 1856 tentavit
381 1812 500 1853 Deus
531 1812 764 1862 Abraham,
796 1824 835 1854 et
864 1813 968 1854 dixit
998 1813 1057 1854 ei:
1088 1813 1330 1873 Abraham,
1369 1814 1508 1854 Abra-

86 1895 200 1936 ham.
258 1891 315 1932 Et
343 1891 414 1933 ille
444 1889 566 1931 dixit:
607 1907 706 1931 ecce
746 1895 863 1941 ego.“
941 1889 1131 1932 Observa
1165 1890 1350 1942 singula,
1402 1906 1508 1945 quae

89 1968 245 2024 scripta
273 1978 381 2008 sunt.
440 1967 491 2007 In
521 1967 693 2018 singulis
725 1966 862 2016 enim,
902 1967 935 2008 si
976 1965 1069 2021 quis
1097 1965 1175 2007 scit
1203 1964 1248 2006 in
1279 1967 1410 2007 altum
1439 1967 1506 2007 fo-

90 2047 203 2094 dere,
232 2042 416 2084 inveniet
441 2042 698 2093 thesaurum,
728 2055 768 2084 et
796 2042 980 2084 fortassis
1012 2042 1157 2092 etiam,
1197 2042 1272 2084 ubi
1301 2060 1392 2085 non
1422 2045 1507 2086 exi-

90 2122 303 2170 stimatur,
347 2120 478 2160 latent
513 2118 811 2177 mysteriorum
858 2119 1043 2174 pretiosa
1080 2119 1269 2161 monilia.
1344 2121 1507 2162 Abram

20 2223 23 2229 ·
88 2199 321 2241 vocabatur
349 2196 414 2237 vir
443 2196 518 2237 iste
545 2196 686 2252 prius,
729 2208 768 2237 et
796 2212 1006 2251 nusquam
1033 2195 1232 2247 legimus,
1274 2198 1394 2253 quod
1422 2197 1506 2239 hoc

89 2275 265 2318 nomine
308 2272 520 2315 vocaverit
568 2289 665 2314 eum
712 2273 850 2323 Deus,
907 2284 980 2315 aut
1024 2272 1174 2315 dixerit
1220 2273 1278 2315 ei:
1329 2272 1505 2326 Abram,

30 2366 34 2368 ·
91 2354 263 2394 Abram.
327 2351 429 2391 Non
469 2349 582 2391 enim
622 2365 645 2390 a
685 2348 782 2392 Deo
825 2350 967 2392 vocari
1010 2360 1180 2406 poterat
1216 2349 1394 2390 nomine
1432 2352 1506 2392 de·

91 2430 233 2479 leudo,
264 2430 339 2470 sed
367 2437 490 2469 vocat
518 2442 616 2467 eum
647 2427 730 2468 hoc
759 2426 950 2479 nomine,
982 2428 1101 2483 quod
1129 2427 1220 2482 ipse
1249 2425 1435 2476 donavit,
1465 2438 1504 2468 ct

88 2523 179 2548 non
221 2507 360 2549 solum
397 2514 523 2544 vocat
560 2520 658 2545 eum
695 2504 777 2545 hoc
815 2504 1015 2554 nomine,
1060 2504 1133 2545 sed
1179 2514 1219 2545 et
1262 2503 1502 2556 ingeminat.

91 2582 292 2638 Cumque
317 2581 390 2623 ille
419 2580 725 2636 respondisset:
766 2579 952 2635 „ecce³)
985 2583 1111 2632 eg0:“
1153 2577 1255 2620 dicit
1292 2580 1344 2619 ad
1386 2594 1504 2620 eum:

209 2763 252 2817 ¹)
281 2761 434 2803 Psalm.
466 2761 700 2813 cxxxn,
737 2764 775 2805 4.
807 2762 845 2802 5.
877 2758 1129 2815 (CXXXI.)

205 2831 253 2885 ²)
285 2829 436 2873 Genes.
465 2831 606 2883 XXII,
636 2832 673 2874 1.
847 2829 895 2883 ³)
926 2827 1079 2872 Genes.
1107 2826 1248 2879 XXII,
1278 2829 1314 2870 1.

1062 2905 1170 2948 13*
