1764 3096
248 99 333 144 158
849 93 1071 137 Omossms

250 213 392 256 corde.
451 210 538 252 Sed
568 220 608 250 et
638 206 709 266 qui
749 208 982 249 haereticos
1022 224 1165 248 sensus
1204 218 1346 249 mente
1378 208 1586 259 continet,
1630 223 1668 253 et

247 290 518 346 blasphemas
551 286 798 329 assertiones
838 298 986 327 contra
1025 285 1243 326 scientiam
1282 284 1437 327 Christi
1482 286 1670 342 disponit

248 370 291 411 in
324 369 466 417 corde,
496 366 564 407 hic
595 361 913 406 incircumcisus
955 375 1012 404 est
1053 363 1195 403 corde.
1265 361 1353 416 Qui
1384 378 1483 404 vero
1515 379 1671 419 puram

248 448 378 487 sidem
411 445 456 486 in
488 441 771 485 conscientiae
800 439 1036 481 sinceritate
1068 440 1264 490 custodit,
1295 441 1370 482 iste
1402 440 1672 483 circumcisus

248 537 306 566 est
339 523 480 565 corde.
541 520 610 560 De
641 537 727 575 quo
761 517 844 559 dici
875 529 1033 573 potest:
1075 516 1275 573 ‚‚beati¹)
1313 518 1479 559 mundo
1529 520 1673 567 corde,

248 601 347 658 quia
386 599 464 656 ipsi
504 599 645 638 Deum
686 596 930 637 videbuntf‘
1001 595 1091 646 Ego
1134 611 1233 635 vero
1279 597 1418 636 audeo
1461 611 1508 636 cx
1546 595 1673 637 simili

247 679 370 722 etiam
401 678 505 718 haec
535 673 798 731 propheticis
815 673 991 714 vocibus
1021 674 1192 721 addere,
1221 672 1333 728 quia,
1363 672 1471 714 sicut
1501 684 1673 728 oportet

245 758 432 805 auribus,
465 766 504 796 ct
533 752 667 800 labiis,
697 763 737 792 et
768 751 911 799 corde,
943 762 982 791 et
1004 750 1139 792 carnis
1167 749 1407 806 praeputio,
1436 751 1672 792 secundum

245 851 306 885 ea,
339 849 448 890 quae
475 847 602 887 supra
634 829 826 878 diximus,
857 827 1124 877 circumcidi,
1155 827 1211 868 ita
1244 829 1420 869 fortasse
1451 839 1491 869 et
1519 844 1670 868 manus

243 923 414 954 nostrae
446 909 636 959 indigent
666 905 1012 954 circumcisione,
1056 916 1096 945 et
1135 906 1285 961 pedes,
1325 904 1424 959 et2)
1463 904 1594 954 visus,
1633 915 1672 944 et

245 992 463 1036 odoratus,
495 997 533 1027 ct
563 997 708 1027 tactus.
767 984 827 1024 Ut
859 983 972 1024 enim
1003 983 1217 1038 perfectus
1253 981 1305 1023 sit
1344 983 1479 1023 homo
1510 981 1594 1021 Dei
1627 981 1671 1022 in

247 1066 468 1113 omnibus,
510 1075 661 1104 cuncta
722 1061 1070 1102 circumcidenda
1109 1071 1207 1101 sunt
1253 1061 1470 1107 membra,
1518 1074 1670 1099 manus

245 1145 418 1201 quidem
459 1159 482 1183 a
514 1139 696 1196 rapinis,
738 1155 760 1179 a
801 1138 941 1187 furtis,
986 1155 1007 1178 a
1038 1138 1258 1186 caedibus,
1302 1149 1342 1178 et
1382 1137 1434 1177 ad
1465 1135 1556 1178 sola
1586 1132 1670 1175 Dei

244 1238 378 1278 opera
407 1219 676 1276 pandendae.
737 1213 1086 1255 Circumcidendi
1114 1226 1211 1255 sunt
1238 1215 1390 1269 pedes,
1419 1228 1474 1253 ne
1504 1213 1671 1253 veloces

241 1298 382 1352 sint3)
431 1297 485 1337 ad
525 1293 860 1336 effundendum.
886 1291 1158 1342 sanguinem,
1198 1303 1238 1331 e-t
1276 1306 1331 1331 ne
1369 1290 1527 1330 intrent
1542 1287 1587 1343 ⁴)
1626 1288 1671 1330 in

243 1374 468 1417 consilium
498 1371 836 1423 malignantium,
865 1369 939 1411 sed
970 1379 1017 1408 ut
1045 1379 1212 1409 tantum
1244 1383 1325 1422 pro
1356 1366 1567 1408 mandatis
1587 1365 1672 1407 Dei

242 1455 514 1495 circumeant.
577 1445 1012 1501 Circumcidanturf‘)
1045 1457 1085 1486 et
1117 1445 1246 1495 oculi,
1275 1462 1331 1486 ne
1362 1444 1670 1499 concupiscant

242 1531 401 1578 aliena,
439 1545 494 1570 ne
531 1527 702 1568 videant
741 1527 794 1566 ad
833 1524 1226 1580 concupiscendam
1265 1523 1503 1564 mulierem.
1580 1521 1669 1576 Qui

241 1607 356 1648 enirn
390 1622 484 1659 erga
515 1606 775 1646 feminarum
804 1604 966 1643 formas
1002 1601 1158 1643 l‘ascivo
1203 1612 1243 1641 et
1282 1601 1451 1642 curioso
1495 1601 1668 1641 oberrat

240 1695 424 1741 aspectu,
452 1683 528 1724 iste
557 1681 877 1723 incircumcisus
909 1676 967 1720 est
1000 1679 1146 1742 oculis.
1206 1678 1292 1719 Sed
1323 1689 1362 1719 et
1390 1677 1424 1719 si
1464 1677 1557 1733 quis
1593 1688 1665 1725 est,

241 1762 315 1819 qui
354 1760 439 1803 sive
477 1761 618 1810 bibat,
658 1759 742 1801 sive
781 1758 1034 1807 manducet,
1076 1756 1183 1798 sicut
1225 1755 1458 1812 Apostolus
1487 1770 1664 1810 praece-

239 1841 313 1897 pit,
330 1838 376 1893 ⁶)
409 1839 463 1879 ad
494 1837 674 1889 gloriam
703 1835 789 1876 Dei
819 1835 1052 1875 manducat
1091 1845 1130 1874 et
1158 1833 1288 1880 bibit,
1330 1832 1408 1874 iste
1439 1831 1664 1873 circumci-

238 1935 306 1958 sus
337 1926 396 1957 est
426 1926 559 1966 gustu.
629 1911 760 1969 Cujus
802 1922 944 1952 autem
973 1911 1092 1952 Deus
1121 1910 1325 1966 venter7)
1357 1922 1427 1960 est,
1459 1921 1498 1950 et
1527 1909 1664 1951 suavi—

236 1995 391 2035 tatibus
421 1992 543 2044 gulae
583 1988 785 2039 deservit,
820 1987 946 2046 hujus
983 1987 1331 2031 incircumcisum
1371 1986 1549 2029 dixerim
1589 2001 1664 2038 gu-

237 2083 359 2114 stum.
420 2068 466 2111 Si
498 2069 590 2125 quis
622 2067 777 2110 Christi
808 2069 990 2109 odorem
1021 2067 1187 2107 bonum
1219 2065 1344 2121 capit,
1375 2076 1416 2106 et
1443 2065 1487 2107 in
1521 2065 1663 2122 operi-

357 2272 401 2326 ¹)
430 2271 584 2313 Matth.
615 2269 666 2318 V,
695 2268 734 2310 S.
855 2267 902 2322 ²)
933 2268 1064 2309 Deest
1093 2273 1184 2317 ‚,et“
1213 2268 1259 2308 in
1290 2268 1356 2308 ed.
1386 2265 1532 2307 Ruaei.

351 2342 399 2396 3)
433 2341 521 2382 Cfr.
551 2340 708 2381 Psalm.
737 2339 854 2389 XIV,
883 2340 922 2381 3.
954 2337 1120 2393 (XIII.)

351 2413 399 2468 ¹²)
432 2410 523 2452 Cfr.
555 2410 709 2452 Psalm.
737 2408 769 2459 I,
800 2410 838 2451 1.

355 2483 401 2538 ⁵)
437 2481 576 2522 Codd.
606 2479 709 2521 Mss.
736 2490 818 2519 tres
842 2478 1126 2534 Turonemes,
1157 2477 1460 2520 Gemeticensis
1488 2491 1528 2520 et
1549 2478 1658 2521 San-

236 2539 543 2592 germanensis:
580 2535 952 2587 „Circumcidatur
991 2547 1030 2576 et
1069 2535 1240 2584 oculus,
1286 2552 1342 2577 ne
1386 2536 1660 2592 concupiscat

235 2597 445 2644 alienum,
484 2610 539 2635 ne
577 2593 716 2633 videat
756 2593 810 2633 ad
850 2592 1241 2648 concupiscendum
1281 2592 1517 2634 mulierem.
1577 2593 1660 2638 Cui

235 2653 348 2693 enim
380 2668 476 2703 erga
507 2653 758 2692 feminarum
790 2650 951 2691 formas
983 2648 1157 2691 lascivus
1188 2660 1227 2690 et
1258 2650 1449 2691 curiosus
1487 2652 1659 2692 oberrat

234 2710 470 2765 adspectus,
498 2708 600 2750 iste“
639 2718 715 2747 etc.
746 2706 796 2749 R.

348 2778 397 2832 ⁶)
425 2777 536 2818 Edd.
566 2776 762 2818 Merlini:
795 2776 1066 2833 „praecipit.“
1107 2801 1157 2811 —
1197 2775 1283 2818 Csr.
1318 2776 1337 2816 Ῑ
1377 2775 1475 2819 Cor.
1507 2776 1564 2828 X,
1590 2776 1641 2818 31

351 2846 396 2902 ⁷)
428 2847 615 2904 Philipp.
635 2847 709 2897 III,
741 2847 805 2893 19.
