1764 3096
250 73 335 118 22ss
847 64 1069 107 Ome-mus

258 200 371 227 anno
414 182 636 228 defuncta,
683 176 843 219 indicat
881 177 1098 218 Abraham
1139 189 1266 230 super
1307 186 1476 215 centum
1509 175 1674 228 triginta

259 274 419 319 septem
461 273 675 300 annorum
716 254 865 305 fuisse,
909 271 1005 295 cum
1038 252 1239 293 Ccturam
1286 252 1446 307 aceepit
1487 269 1676 294 uxorem.

261 339 379 395 Quid
409 334 540 387 crgo?
585 333 803 380 Putamus,
831 332 950 386 quod
969 331 1009 371 in
1045 341 1157 371 tauto
1184 329 1429 370 patriarcha
1460 346 1538 384 per
1567 329 1679 370 idem

261 429 426 471 tempus
453 411 724 454 incitamenta
755 407 891 449 carnis
921 406 1153 458 viguerint?
1211 407 1268 447 Et
1297 406 1369 462 qui
1403 406 1505 447 olim
1529 405 1571 461 ¹)
1605 423 1677 446 na-

262 492 465 534 turalibus
494 487 681 530 motibus
711 496 928 526 emortuus
961 484 1126 534 dicitur,
1158 501 1271 525 nunc
1303 485 1356 525 ad
1373 484 1418 538 ²)
1457 482 1680 524 libidinem

263 567 467 611 redivivus
497 561 747 621 putabitur?
803 563 893 611 An,
932 573 978 603 ut
1006 580 1131 617 saepe
1162 561 1245 618 jani
1277 561 1469 608 diximus,
1498 559 1682 602 Paniar-

263 647 440 687 cbarum
472 639 667 700 conjugia
698 638 984 697 mysticum3)
1016 634 1190 694 aliq'uod
1221 639 1412 679 indicant
1441 653 1681 679 sacramen-

265 721 383 763 tum?
444 719 564 761 Sicut
605 729 645 758 et
683 717 776 766 illc,
820 716 891 772 qui
931 716 1098 757 dicebat
1138 718 1190 757 (le
1231 713 1455 770 sapientia:
1486 713 1684 769 „Inan(:'²)

263 809 338 845 ego
372 791 547 843 cogitavi
577 810 753 836 uxorem
785 796 998 835 adducere
1028 794 1170 835 1nihi.“
1230 791 1434 833 Fortassis
1465 807 1565 842 crgo
1599 790 1680 847 jam

263 882 363 910 tunc
395 881 434 909 et
463 870 683 912 Abraham
713 871 847 912 simile
877 870 1036 925 aliquid
1071 869 1286 921 cogitavit,
1333 881 1371 909 et
1402 867 1591 923 quamvis
1621 884 1682 908 cs-

264 959 323 987 sct
350 946 529 1001 sapiens,
561 946 648 988 hoc
682 947 775 1002 ipso
808 959 949 988 tamen
980 947 1151 996 sciebat,
1183 947 1300 1002 quod
1330 944 1560 1001 sapientiae
1590 946 1684 985 nul-

265 1025 328 1063 lus
371 1035 428 1063 est
467 1022 583 1071 finis,
629 1039 708 1062 nec
747 1023 935 1063 discendi
978 1024 1206 1064 terminum
1250 1034 1441 1065 senectus
1490 1020 1684 1077 imponit

267 1098 351 1152 Qui
386 1097 495 1138 enim
529 1098 747 1138 consuevit
777 1114 827 1139 co
860 1101 994 1139 modo
1025 1099 1167 1140 sortiri
1215 1100 1557 1147 matrimonium,
1599 1115 1684 1153 quo

266 1177 318 1215 (Ic,
347 1175 438 1230 ipso
470 1173 661 1228 superius
692 1175 984 1223 indicavimus,
1014 1176 1058 1214 id
1091 1187 1170 1223 est,
1201 1178 1272 1230 qui
1305 1177 1498 1215 virtutem
1531 1175 1688 1214 habere

265 1253 306 1292 in
341 1250 539 1307 conjugio
571 1252 697 1302 solet,
727 1253 901 1306 quando
935 1263 1076 1307 potest
1116 1254 1168 1292 ab
1201 1250 1500 1306 hujuscemodi
1530 1267 1688 1291 cessare

267 1326 499 1383 conjugio?
546 1328 675 1369 Sarae
692 1344 881 1384 namque
912 1328 1130 1377 dormitio,
1162 1328 1320 1369 virtutis
1343 1328 1687 1379 estintelligcnda

268 1404 594 1446 consummatio.
655 1403 743 1458 Qui
771 1422 872 1446 vero
908 1417 1229 1447 consummatae
1259 1416 1298 1445 et
1318 1406 1528 1460 perfectae
1559 1403 1686 1445 virtu-

265 1483 314 1523 tis
346 1494 418 1531 est,
447 1498 615 1537 semper
643 1498 812 1524 necesse
844 1494 923 1532 est,
962 1494 1009 1522 ut
1038 1483 1083 1523 in
1114 1482 1252 1538 aliqua
1286 1482 1526 1523 eruditione
1555 1496 1689 1521 versev

267 1571 344 1599 tur.
418 1559 561 1612 Quam
608 1559 893 1600 eruditionem
941 1558 1168 1616 conjugem
1217 1558 1305 1617 ejus
1341 1575 1482 1600 sermo
1526 1557 1690 1598 divinus

268 1636 463 1690 appellat.
523 1636 772 1677 Secundum
804 1637 887 1677 hoc
917 1649 1046 1692 puto,
1083 1639 1201 1692 quod
1241 1649 1280 1677 et
1320 1636 1364 1676 in
1404 1637 1493 1688 lege
1525 1637 1688 1675 caelebs

268 1724 307 1753 et
335 1712 482 1754 sterilis
511 1712 741 1754 maledicto
783 1712 984 1769 subjacet.
1062 1715 1180 1754 Dicit
1221 1713 1357 1754 enim:
1401 1711 1689 1763 „maledictus,

269 1789 341 1845 qui
369 1806 462 1830 non
492 1788 710 1845 reliquerit
746 1806 891 1831 semen
929 1791 973 1831 in
1016 1790 1181 1831 Israel.“
1250 1790 1385 1844 Quod
1424 1790 1458 1830 si
1500 1790 1604 1829 hacc
1636 1790 1690 1830 de

269 1866 429 1907 carnali
452 1865 616 1907 semine
643 1866 735 1907 dici
751 1879 968 1922 putentur,
997 1884 1144 1909 omnes
1174 1867 1372 1908 ecclesiae
1403 1865 1580 1917 virgines
1610 1868 1689 1907 sub

268 1942 496 1983 maledicto
526 1942 690 1997 positae
718 1943 988 1986 videbuntur.
1056 1945 1111 1985 Et
1151 1946 1255 1999 quid
1294 1944 1347 1983 de
1377 1943 1577 1984 ecclesiae
1605 1943 1688 1984 vir-

268 2019 435 2071 ginibus
465 2019 594 2062 dico'!>
651 2020 748 2076 Ipse
776 2021 986 2072 Joannes,
1018 2038 1104 2077 quo
1136 2020 1276 2077 major
1303 2022 1414 2062 inter
1442 2032 1565 2062 natos
1596 2038 1691 2061 mu-

267 2096 420 2138 lierum
449 2114 580 2138 nemo
611 2097 703 2148 fuit,
722 2098 767 2153 ⁵)
799 2111 837 2140 et
868 2100 937 2141 alii
966 2111 1212 2140 sanctorum
1233 2097 1421 2154 plurimi,
1445 2096 1595 2138 'semen
1625 2114 1692 2138 se-

270 2174 459 2213 cundum
490 2190 660 2215 carnem
690 2192 781 2216 non
812 2177 1096 2232 reliquerunt,
1136 2175 1297 2231 quippe
1342 2175 1412 2230 qui
1443 2191 1523 2215 nec
1551 2174 1691 2215 iniisse

270 2248 443 2304 quidem
471 2251 746 2292 matrimonia
776 2253 1030 2293 reseruntur.
1090 2253 1176 2293 Sed
1217 2264 1256 2293 et
1295 2263 1454 2292 certum
1490 2263 1560 2300 est,
1591 2251 1687 2291 illos

269 2326 484 2381 spirituale
513 2344 656 2369 semen
689 2338 728 2367 et
755 2327 990 2384 spirituales
1019 2328 1128 2370 filios
1160 2328 1388 2384 reliquisse,
1420 2341 1460 2369 et
1491 2328 1687 2368 hahuisse

390 2536 432 2591 ¹)
461 2536 572 2577 Edd.
604 2537 797 2577 Merliui:
832 2537 934 2579 olim
966 2555 988 2578 a
1019 2539 1284 2580 naturalibus
1316 2552 1391 2581 cte.

386 2605 432 2661 ²)
463 2606 525 2647 Ita
554 2606 652 2648 Mss.
687 2607 800 2648 Editi
829 2616 888 2663 (e.
921 2626 951 2648 c.
984 2611 1078 2651 edd.
1111 2609 1219 2663 Μ.);
1252 2627 1302 2659 „a
1333 2610 1548 2651 libidine.“
1580 2609 1628 2652 R.

384 2674 431 2728 3)
462 2676 578 2718 Editi
607 2678 668 2733 (v,
700 2695 732 2717 e.
764 2680 858 2719 edd.
890 2679 997 2732 M.):
1030 2679 1277 2737 „mysticum
1306 2681 1464 2735 aliquid
1495 2681 1684 2721 indicant

271 2742 310 2773 et
339 2733 581 2775 sacratum?
620 2734 770 2775 *Sicut“
804 2747 877 2775 etc.
921 2736 1008 2776 Sed
1040 2736 1135 2777 Mss.
1167 2748 1212 2775 ut
1239 2736 1284 2776 in
1314 2748 1461 2778 nostro
1493 2749 1616 2778 textu.
1636 2736 1682 2776 R.

381 2799 428 2856 4)
458 2801 559 2857 Sap.
590 2803 811 2845 Salomon.
841 2804 956 2855 VIII,
985 2805 1023 2848 9.
1148 2805 1194 2860 ⁵)
1223 2805 1374 2848 Matth.
1397 2806 1474 2857 XI,
1503 2807 1568 2849 11.
