1764 3096
275 135 361 180 260
884 129 1105 173 OmGEms

284 251 382 290 ham
416 257 547 297 erant,
573 245 618 288 in
651 246 890 303 Aegyptum
921 243 1177 286 descendere
1199 234 1454 291 reseruntur,
1487 257 1582 282 curn
1617 241 1708 297 qui-

283 328 363 367 bus
404 326 568 379 Jeseph
617 321 882 364 descendisse
922 321 966 361 in
1007 324 1252 375 Aegyptum
1305 318 1470 359 dicitur.
1541 318 1628 359 Sed
1671 330 1711 359 et

283 415 381 460 post
412 403 539 443 haec:
572 400 757 451 „videns,
778 399 819 453 ¹)
841 397 989 453 inquit,
1021 398 1171 446 Jacob,
1205 395 1301 450 quia
1324 406 1383 436 est
1405 396 1711 437 commercium

283 479 485 521 frumenti
516 478 558 518 in
590 480 816 531 Aegypto,
847 474 948 516 dixit
979 476 1031 515 ad
1068 474 1173 514 lilios
1205 488 1324 513 suos:
1367 484 1414 512 ut
1456 473 1557 528 quid
1601 473 1709 513 desi-

285 559 358 599 des
389 554 513 597 estis?
574 555 685 595 Ecce
717 552 860 602 audio,
893 552 988 608 quia
1023 563 1082 591 cst
1107 553 1374 610 *frumentum
1406 549 1450 589 in
1484 552 1708 605 Aegypto:

284 632 526 675 descendite
555 631 669 679 illuc,
705 641 744 670 et
775 629 899 670 emite
930 630 1054 670 nobis
1090 645 1212 676 escas,
1245 639 1289 667 ut
1321 627 1520 675 vivamus,
1550 638 1591 666 et
1621 643 1710 667 non

282 711 557 752 moriamur.“
614 707 670 747 Et
699 707 829 762 paulo
853 719 968 762 post:
1001 705 1412 758 „‹lescenderunt,2)
1444 703 1592 758 inquit,
1626 705 1709 744 fra-

282 801 365 830 tres
396 786 557 842 Joseph
588 783 631 824 in
663 785 902 841 Aegyptum
946 800 1193 839 comparare
1237 784 1540 822 frumentum.“
1600 781 1712 822 Sane

284 882 381 907 cum
413 865 607 904 detentus
638 862 781 903 fuisset
812 860 987 902 Simeon
1018 860 1061 900 in
1094 864 1308 917 Aegypto,
1350 870 1389 899 et
1428 874 1583 899 novem
1625 859 1711 898 sra-

284 953 367 983 tres
396 940 488 997 ejus
520 938 680 980 dimissi
720 949 1030 979 reverterentur
1070 939 1123 978 ad
1154 948 1342 992 patrem,
1381 952 1471 976 non
1512 946 1570 976 est
1607 934 1709 975 scri-

282 1030 429 1073 ptum,
475 1016 572 1071 quia
618 1014 931 1055 adscenderunt
978 1031 1024 1054 ex
1057 1016 1272 1072 Aegypto,
1314 1013 1413 1053 sed:
1456 1010 1709 1066 „imponen-

283 1094 417 1148 tes,3)
457 1091 617 1147 iuquit,
671 1091 935 1130 frumentum
976 1105 1102 1144 super
1149 1091 1287 1131 asinos
1328 1107 1426 1131 suos
1474 1089 1710 1129 abierunt.“

281 1171 433 1225 Neque
464 1168 577 1209 enim
609 1165 733 1219 digne
763 1165 1004 1206 dicerentur
1033 1167 1310 1216 adscendere,
1352 1183 1537 1222 quorum
1581 1168 1711 1206 frater

283 1246 443 1287 vinctus
473 1245 698 1286 tenebatur
730 1243 774 1284 in
805 1244 1022 1301 Aegypto,
1073 1258 1167 1282 cum
1200 1258 1285 1297 quo
1320 1253 1359 1282 et
1387 1242 1467 1298 ipsi
1496 1255 1638 1284 mente
1671 1256 1709 1284 et

284 1323 427 1365 animo
459 1321 642 1371 solliciti,
682 1322 796 1361 velut
842 1319 1096 1375 quibusdam
1128 1318 1308 1360 caritatis
1338 1319 1515 1360 vinculis
1547 1320 1708 1361 crucia-

283 1401 442 1441 bantur
472 1398 670 1440 adstricti.
741 1397 850 1438 Cum
892 1407 1033 1437 autem
1074 1409 1244 1452 recepto
1287 1398 1438 1446 fratre,
1488 1409 1527 1437 et
1566 1396 1707 1450 agnito

282 1479 458 1534 Joseph,
488 1477 560 1518 scd
593 1488 632 1516 et
660 1473 886 1532 Beniamin
905 1473 950 1529 4)
990 1474 1121 1514 oculis
1153 1472 1241 1530 ejus
1273 1474 1444 1522 oblato,
1484 1491 1581 1514 cum
1620 1475 1707 1515 lae-

283 1556 372 1598 titia
402 1565 692 1602 revertuntur,
730 1563 833 1593 tune
867 1551 1043 1601 dicitur,
1092 1551 1190 1606 quia
1231 1551 1628 1608 „adscenderunt5)
1662 1568 1708 1593 ex

283 1634 493 1689 Aegypto,
523 1644 562 1671 et
590 1641 798 1670 venerunt
827 1629 871 1670 in
903 1641 1059 1670 terram
1085 1628 1258 1669 Canaan
1290 1630 1345 1669 ad
1375 1629 1511 1670 Jacob
1542 1641 1708 1684 patrem
1761 1677 1764 1684 Ι

284 1713 448 1750 suum.“
518 1708 643 1748 Tunc
683 1706 827 1755 etiam,
880 1706 1052 1760 quando
1095 1705 1243 1745 dicunt
1280 1707 1335 1745 ad
1374 1718 1561 1761 patrem,
1608 1705 1705 1761 quia

283 1784 532 1839 „Joseph⁰)
562 1783 672 1824 filius
702 1795 799 1823 tuus
833 1781 941 1831 vivit,
973 1793 1012 1821 et
1039 1781 1125 1836 ipse
1146 1782 1433 1837 principatum
1450 1781 1493 1838 ⁷)
1526 1781 1607 1834 agit
1637 1794 1706 1823 to-
1760 1810 1764 1823 .

280 1860 363 1902 tius
393 1872 529 1901 terrae
561 1859 781 1918 Aegypfif‘
838 1858 1084 1900 Necessario
1127 1858 1238 1898 enim
1280 1861 1332 1899 ab
1364 1859 1517 1900 infimis
1554 1871 1591 1899 et
1622 1860 1702 1899 hu-

280 1937 453 1979 milibus
485 1938 684 1978 dicuntur
722 1937 775 1976 ad
817 1937 949 1976 ardua
991 1946 1030 1975 et
1070 1936 1228 1976 excelsa
1280 1937 1584 1985 conscendere,
1633 1937 1703 1991 qui

280 2015 444 2071 Joseph
474 2012 611 2053 vivere
640 2012 851 2061 nuntiant,
885 2024 924 2052 et
953 2011 1241 2067 principatum
1271 2012 1400 2053 totius
1420 2012 1599 2070 Aegypti
1630 2030 1701 2065 ge-

280 2108 385 2133 rere.
445 2091 560 2131 Haec
598 2089 768 2131 interim
807 2090 861 2129 ad
892 2105 1090 2145 praesens
1129 2090 1254 2131 nobis
1289 2106 1511 2130 occurrere
1543 2091 1595 2130 de
1625 2092 1700 2131 ad-

280 2167 498 2210 scensione
539 2178 579 2207 et
621 2166 893 2208 descensione
934 2178 1189 2222 potuerunt:
1242 2183 1289 2207 ex
1328 2167 1483 2223 quibus
1523 2167 1698 2208 studiosi

280 2244 440 2301 quique
479 2243 721 2285 occasiones
775 2244 933 2283 habere
971 2255 1168 2298 possunt,
1215 2243 1340 2298 plura
1389 2244 1443 2283 de
1484 2243 1698 2298 scripturis

280 2321 430 2363 sanctis
458 2337 538 2377 pro
571 2318 818 2376 hujusmodi
849 2320 1077 2361 assertione
1106 2321 1388 2375 probamenta
1419 2319 1629 2373 colligere.

395 2539 440 2593 ¹)
469 2538 621 2579 cenes.
654 2537 788 2586 xm,
818 2536 855 2577 1.
886 2536 928 2577 2.
1048 2535 1094 2591 2>
1128 2515 1280 2577 eones.
1311 2535 1444 2587 XLII,
1474 2536 1514 2578 3.

394 2607 440 2662 ³)
474 2608 626 2648 Genes.
656 2604 787 2656 XLII,
819 2608 886 2649 26.

391 2677 439 2731 ⁴)
469 2677 580 2717 Edd.
610 2676 805 2722 Merlini:
836 2674 1063 2733 Benjamin
1092 2674 1137 2716 in
1169 2675 1301 2717 oculis
1333 2687 1407 2717 etc.

390 2746 435 2801 ⁵)
469 2746 620 2788 Genes.
650 2747 780 2796 XLV,
808 2747 876 2789 25.
995 2747 1042 2800 6)
1076 2745 1228 2787 Genes.
1262 2746 1391 2795 XLV,
1418 2747 1485 2789 26.

391 2814 434 2871 ⁷)
465 2815 579 2856 Alias
618 2815 679 2870 (v.
720 2832 753 2856 c.
793 2814 837 2856 in
869 2815 964 2857 edd.
994 2815 1102 2865 MA:
1142 2815 1455 2875 „principatum
1495 2829 1609 2862 tenet
1647 2830 1686 2860 et

275 2871 396 2925 agit.“
450 2871 552 2915 Mss.
582 2883 630 2913 ut
658 2871 702 2914 in
730 2883 878 2916 nostro
910 2883 1037 2915 textu.
1068 2872 1119 2915 R.
