1764 3096
554 82 601 113 m
634 68 835 112 Gmmsm
865 68 1067 111 HommA
1097 69 1167 112 VI.
1486 74 1570 119 183

147 187 288 229 cordis
314 184 544 235 munditia,
582 199 672 224 non
713 191 852 237 potest
891 181 1132 222 convenire.
1199 180 1433 237 Propterea
1464 201 1564 238 ergo

144 263 362 319 Scriptura
392 263 532 311 refert,
564 259 662 314 quia
691 255 866 308 „afflixit
886 257 927 312 ¹)
957 258 1172 299 Dominus
1197 258 1469 300 Pharaonem
1500 263 1561 302 af-

142 339 400 382 flictionibus
429 336 589 389 magnis
619 347 660 376 et
688 333 914 390 pessimis.“
980 335 1069 375 Nec
1110 334 1220 376 enim
1264 348 1434 391 poterat
1464 352 1562 380 cum

144 418 478 463 exterminatore,
507 438 559 446 -
591 412 673 452 hoe
706 411 817 452 enim
837 411 1141 467 interpretatur
1169 411 1214 452 in
1245 413 1386 466 lingua
1416 426 1563 455 nostra

139 493 306 534 Pharao
337 515 406 541 -‚
435 490 562 531 virtus
593 488 794 529 habitare.
854 487 1104 529 Abimelcch
1140 505 1240 530 vero
1274 490 1377 546 quid
1412 491 1562 532 dixerit

138 571 190 610 ad
231 568 470 609 Dominum
513 565 741 607 videamus.
815 565 971 619 „Tu²)
1011 565 1111 616 scis,
1150 565 1312 622 inquit,
1352 567 1559 617 Domine,

136 645 232 699 quia
262 643 306 684 in
339 645 469 684 corde
496 643 662 682 mundo
695 642 777 683 feci
807 642 931 682 hoc.“
997 643 1144 696 Longe
1186 644 1308 684 aliter
1337 643 1421 696 agit
1448 644 1556 685 Abi-

134 721 299 761 melech
328 720 415 769 iste,
446 736 573 775 quarn
608 718 788 760 Pharao.
842 719 941 760 Non
972 731 1030 760 est
1059 720 1116 760 ita
1145 720 1366 776 imperitus
1397 733 1437 763 et
1464 737 1557 763 sor-

134 798 278 847 didus,
307 798 381 838 sed
414 797 512 847 scit,
550 797 648 852 quia
682 812 758 836 cor
788 797 999 836 mundum
1032 797 1158 837 debet
1184 813 1442 853 praeparare
1470 797 1553 839 vir-

131 875 221 916 tuti.
279 874 333 914 Et
363 873 462 930 quia
501 890 613 929 puro
656 874 787 914 corde
825 873 960 913 voluit
996 863 1211 930 suscipere
1239 874 1459 925 virtutem,
1488 874 1555 915 id·-

132 952 245 993 circo
278 968 375 992 eum
416 951 536 991 Deus
570 961 712 999 sanat,
761 962 910 991 orante
949 967 1031 1006 pro
1071 950 1164 1007 ipso
1209 952 1442 993 Abraham.
1497 951 1554 992 Et

130 1045 220 1069 non
247 1029 386 1070 solum
418 1027 580 1084 ipsum,
620 1028 692 1068 sed
726 1039 765 1068 et
793 1028 966 1070 ancillas
1012 1027 1099 1085 ejus
1127 1040 1257 1076 sanat⁴
1327 1029 1445 1083 Quid
1476 1046 1551 1069 au-

129 1117 212 1147 tem
244 1117 315 1155 est,
346 1106 465 1161 quod
488 1103 690 1162 adjecerit
721 1104 961 1160 Scriptura:
991 1105 1117 1161 ‚,et³)
1140 1106 1371 1155 Dominus,
1398 1105 1552 1161 inquit,

127 1200 219 1223 non
249 1183 441 1238 permisit
480 1183 517 1224 ei
558 1181 806 1233 contingere
841 1181 1019 1223 illam?“
1081 1182 1126 1223 Si
1167 1183 1326 1224 virtutis
1362 1184 1550 1223 formam

127 1271 243 1301 tenet
273 1260 392 1309 Sara,
423 1271 462 1300 ct
490 1259 533 1300 in
565 1259 696 1299 corde
724 1261 890 1300 mundo
914 1260 1163 1300 Abimelech
1192 1260 1327 1300 voluit
1358 1258 1550 1314 accipere

128 1326 338 1386 virtutem,
368 1336 471 1391 quid
504 1347 575 1385 est,
606 1335 724 1390 quod
757 1335 923 1386 dicitur,
952 1335 1051 1391 quia
1083 1335 1298 1377 Dominus
1328 1353 1419 1377 non
1450 1351 1548 1391 per-

127 1414 236 1455 misit
288 1429 384 1453 eum
412 1399 679 1463 ¹contingere
728 1411 881 1452 illam?
952 1412 1203 1453 Abimelech
1246 1413 1549 1467 interpretatur

123 1501 246 1546 pater
273 1506 392 1530 meus
421 1505 505 1529 rex.
564 1489 620 1529 Et
650 1489 814 1529 videtur
846 1506 943 1542 ergo
975 1489 1093 1539 mihi,
1123 1491 1242 1545 quod
1273 1489 1342 1529 hic
1373 1488 1549 1529 Abime-

125 1567 222 1607 lech
260 1554 445 1607 sormam
483 1577 624 1606 teneat
673 1568 963 1608 studiosorum
1010 1578 1049 1606 et
1095 1566 1336 1621 sapientum
1375 1563 1546 1613 saeculi,

124 1644 196 1700 qui
226 1641 528 1699 philosophiae
574 1658 748 1697 operam
784 1645 949 1696 dantes,
989 1644 1089 1685 licet
1128 1659 1218 1683 non
1257 1643 1464 1694 integram
1505 1652 1544 1681 et

119 1722 353 1777 perfectam
394 1721 580 1771 regulam
622 1720 786 1775 pietatis
817 1720 1045 1772 attigerint,
1083 1732 1225 1762 tamen
1262 1718 1543 1773 senserunt4)

120 1799 262 1840 Deum
293 1809 457 1854 patrem
490 1809 531 1837 et
558 1812 700 1848 regem
743 1813 827 1839 esse
858 1798 1078 1847 omnium,
1106 1797 1151 1838 id
1183 1809 1252 1846 est,
1283 1798 1355 1852 qui
1385 1812 1541 1849 genue-

120 1876 184 1926 rit,
214 1887 253 1916 εἰ
281 1887 395 1926 regat
423 1874 627 1916 universa.
687 1875 756 1916 Isti
787 1891 909 1926 erg0‚
947 1888 1152 1930 quantum
1185 1877 1238 1916 ad
1269 1876 1466 1924 ethicam,
1495 1874 1542 1915 id

120 1965 192 2003 est,
222 1953 430 1993 moralem
462 1952 780 2007 philosophiam
813 1963 995 2006 spectat,
1041 1953 1167 1993 ctiam
1197 1951 1368 2007 puritati
1399 1950 1541 1992 cordis

123 2046 299 2084 operam
332 2029 493 2069 dedisse
523 2027 785 2082 aliquatenus
803 2031 1155 2082 comprobantur,
1185 2040 1224 2069 et
1242 2029 1360 2069 omni
1381 2028 1538 2075 animo,

119 2106 324 2161 omnique
366 2105 505 2146 studio
549 2105 714 2147 divinae
753 2106 913 2147 virtutis
948 2107 1271 2161 inspirationem
1303 2104 1536 2161 quaesiisse.

119 2185 206 2225 Sed
237 2184 347 2223 hanc
376 2200 467 2223 non
497 2182 687 2237 permisit
715 2183 833 2224 Deus
867 2184 1111 2235 contingere
1142 2200 1226 2226 eos.
1272 2182 1390 2224 Haec
1420 2181 1535 2224 enim

118 2261 246 2314 gratia
276 2277 366 2301 non
400 2275 478 2316 per
508 2260 748 2309 Abraham,
786 2259 870 2315 qui,
903 2260 1091 2315 quamvis
1122 2273 1224 2303 esset
1252 2276 1442 2312 maguus,
1473 2261 1535 2301 fa-

117 2334 257 2379 mulus
285 2349 427 2378 tamen
460 2350 563 2386 erat,
608 2338 682 2378 sed
714 2354 790 2393 per
820 2337 1035 2378 Christum
1066 2341 1258 2390 gentibus
1287 2339 1531 2393 parabatur,

117 2415 282 2455 Idcirco
315 2431 427 2467 crgo,
461 2415 647 2470 quamvis
677 2415 886 2457 festinaret
918 2416 1134 2456 Abraham
1167 2434 1244 2471 per
1272 2432 1315 2456 se
1347 2427 1384 2455 ct
1413 2414 1456 2454 in
1486 2431 1531 2454 se

117 2491 222 2532 illud
252 2492 440 2547 impleri,
479 2494 599 2548 quod
630 2495 682 2535 ad
714 2509 811 2533 eum
844 2492 1002 2534 dictum
1035 2505 1105 2543 est,
1136 2493 1339 2549 quoniam
1371 2494 1527 2542 „benc-

233 2664 276 2719 ¹)
308 2663 458 2708 Gssncs·
487 2667 583 2717 ΧΠ,
614 2669 679 2709 17-
807 2668 852 2723 ²)
883 2668 1032 2713 Gencs.
1063 2669 1162 2720 XX,
1191 2668 1228 2710 5.
1262 2668 1357 2709 coll.
1388 2667 1427 2709 4,

233 2734 279 2788 ³)
312 2735 398 2776 Cfr.
430 2736 581 2778 Genes.
608 2737 707 2787 XX,
736 2738 774 2780 6.

232 2805 277 2859 ⁴)
307 2805 417 2847 Edd.
445 2805 636 2849 Men-lini:
668 2808 880 2850 senserint,
