1764 3096
457 104 504 135 m
537 91 735 134 GENEsm
766 91 968 134 HonnmA
993 91 1129 133 XVII.
1416 94 1498 137 281

207 209 246 250 7.
276 206 378 247 Post
406 204 511 245 haec
540 205 768 254 videamus,
801 203 903 259 quid
935 203 1036 245 dicit
1065 203 1231 246 Moses:
1272 204 1399 257 „et¹)
1431 205 1507 247 ha-

91 284 253 333 bitavit,
284 282 436 337 inquit,
465 282 592 324 Israel
622 282 666 322 in
696 282 915 339 Aegypto,
954 282 997 321 in
1029 293 1139 322 terra
1173 280 1370 322 Gessen.“
1435 282 1507 321 In-

88 371 343 415 terpretatur
366 371 503 400 autem
532 358 690 400 Gessen
715 357 1014 412 „proximitas“
1045 359 1109 399 vel
1138 358 1505 414 ,‚propinquitas.“

86 437 170 478 Per
207 437 326 491 quod
365 437 625 485 ostenditur,
674 433 772 489 quia
823 433 983 476 etiamsi
1031 434 1075 476 in
1114 437 1305 493 Aegypto
1346 436 1506 476 habitet

84 514 225 560 lsrael,
255 529 343 553 non
374 524 517 554 tamen
547 514 672 563 longe
714 521 772 551 est
803 527 822 550 a
855 511 972 560 Deo,
1019 513 1090 554 sed
1130 513 1348 567 proximus
1381 523 1439 553 est
1467 512 1504 553 ei

87 601 127 630 et
157 588 422 646 conjunctus,
452 593 558 631 sicut
588 588 711 628 etiam
744 586 832 642 ipse
863 588 978 638 dicit,
1009 589 1105 643 quia
1137 587 1299 644 ‚,ego²)
1331 590 1504 630 descen-

88 666 185 706 dam
226 677 366 707 tecum
397 666 441 706 in
482 668 743 722 Aegyptum,
791 675 830 703 et
872 680 946 715 ego
991 681 1063 705 ero
1104 672 1285 706 tecum.“
1341 666 1395 706 Et
1423 684 1504 708 nos

84 758 184 794 crgo
226 742 349 783 etiam
394 742 427 783 si
465 742 659 782 videmur
695 741 738 782 in
771 741 1007 799 Aegyptum
1050 742 1330 792 descendisse,
1378 744 1503 784 etiam

83 818 178 874 si3)
208 818 253 858 in
286 833 411 860 carne
440 818 567 872 positi
597 835 749 871 agones
778 819 928 859 mundi
947 816 1072 875 hujus
1100 830 1138 858 et
1169 820 1394 860 certamina
1413 837 1502 860 sus-

83 894 288 944 tinemus,
338 894 462 935 etiam
511 893 544 934 si
585 895 694 936 inter
733 913 803 937 cos
844 895 1102 945 habitamus,
1150 895 1222 950 qui
1262 896 1501 936 deserviunt

84 970 326 1020 Pharaoni,
367 983 504 1012 tamen
545 971 578 1012 si
607 988 746 1028 prope
775 972 919 1012 Deum
951 970 1100 1020 simus,
1140 972 1172 1012 si
1202 971 1246 1012 in
1278 974 1504 1013 mandato-

80 1066 176 1089 rum
211 1047 297 1104 ejus
326 1048 606 1089 meditatione
635 1046 870 1098 versemur,
914 1059 953 1089 et
980 1059 1203 1103 praecepta
1238 1047 1325 1104 ejus
1357 1065 1403 1089 ac
1433 1048 1499 1105 ju-

80 1124 188 1166 dicia
219 1125 529 1180 perquiramus,
560 1150 611 1156 —
644 1126 727 1164 hoc
760 1136 818 1166 est
849 1127 960 1165 enirn
991 1141 1130 1180 prope
1161 1141 1246 1166 esse
1262 1125 1359 1165 Deo
1389 1142 1501 1166 sem-

80 1218 176 1257 per,
208 1218 316 1256 quae
346 1202 429 1242 Dei
459 1213 556 1242 sunt
587 1200 789 1253 cogitare,
838 1218 946 1256 quae
977 1201 1059 1242 Dei
1088 1202 1264 1257 sunt,‘²)
1299 1218 1501 1255 quaerere

82 1302 156 1327 ——,
199 1290 237 1318 et
275 1279 392 1319 Deus
435 1295 602 1334 semper
650 1278 726 1318 erit
774 1277 1023 1329 nobiscum,
1068 1297 1145 1335 per
1182 1280 1325 1320 Jesum
1374 1278 1500 1319 Chri-

80 1366 190 1395 stum
222 1354 462 1396 Dominum
491 1367 698 1405 nostrum,
732 1354 798 1396 cui
829 1366 890 1396 est
921 1354 1052 1407 gloria
1084 1354 1127 1396 in
1156 1356 1323 1398 saecula
1353 1371 1498 1396 saecu-

79 1431 237 1473 lorum.
299 1433 450 1472 Amen.

474 1839 907 1884 HOMILIA
973 1842 1107 1884 XVII.

357 1954 425 1994 De
463 1952 830 1995 benedictionibus
862 1954 1218 1997 patriarcharum.

193 2052 230 2094 1.
261 2051 491 2092 Sciendum
523 2061 580 2090 cst
608 2050 775 2104 primo,
824 2053 940 2105 quod
983 2052 1026 2092 in
1057 2052 1228 2105 singulis
1261 2057 1498 2115 quibusque

81 2129 199 2178 locis,
229 2128 304 2168 ubi
333 2127 551 2182 Scriptura
585 2129 636 2168 de
678 2128 907 2169 duodecim
947 2130 1193 2184 patriarchis
1234 2150 1498 2179 commemo-

81 2218 168 2255 rat,
213 2206 343 2246 multa
380 2203 431 2245 sit
468 2204 511 2244 in
562 2204 651 2259 ipsa
699 2205 859 2246 ordinis
911 2207 1224 2262 conscriptione
1270 2211 1494 2256 diversitas,

80 2283 200 2324 Alius
233 2284 341 2323 ordo
375 2292 433 2322 est
460 2280 505 2321 in
535 2280 623 2336 ipsa
656 2297 803 2321 corum
835 2280 1047 2322 nativitate
1071 2285 1347 2342 conscriptus,
1378 2291 1496 2341 alius,

85 2375 182 2398 cum
213 2369 366 2398 terram
398 2358 576 2416 Aegypti
606 2374 690 2399 una
723 2375 817 2399 cum
849 2370 967 2413 patre
995 2376 1071 2400 suo
1102 2360 1242 2412 Israel,
1277 2377 1315 2404 ct
1345 2368 1495 2409 sobole

81 2434 332 2489 posteritatis
363 2438 604 2476 referuntur
633 2435 800 2476 intrare.
858 2435 979 2476 Alius
1009 2453 1148 2486 nunc,
1191 2456 1285 2480 cum
1318 2443 1492 2486 benedi-

81 2510 240 2552 ctiones
271 2510 427 2552 obituri
456 2512 640 2566 parentis
672 2512 900 2568 excipiunt,
932 2514 1058 2564 alius,
1098 2530 1193 2555 cum
1224 2533 1409 2569 egressae
1439 2522 1493 2562 de

194 2692 239 2746 1>
271 2692 420 2736 Genes.
450 2694 621 2744 XLVII,
651 2695 716 2736 27.
836 2695 882 2749 ²)
915 2694 1065 2739 Gencs.
1096 2697 1250 2749 XLVI,
1278 2701 1314 2743 4.

194 2761 241 2814 ³)
272 2762 399 2804 Deest
428 2764 514 2814 „si“
543 2765 586 2804 in
618 2765 681 2805 ed.
714 2763 861 2807 Ruaei.

193 2830 239 2887 ⁴²)
270 2832 400 2876 Deest
427 2839 573 2885 „sunv‘
602 2833 646 2876 in
678 2835 772 2876 edd.
803 2833 862 2875 M.
