1764 3096
250 78 335 123 164
855 76 1079 122 Omcms
1139 94 1157 108 ·

256 208 323 233 ras
350 189 511 234 similae
534 189 664 240 novit,
693 205 833 246 neque
865 190 1141 250 ἐγκρυφίας,
1170 188 1214 231 id
1237 201 1294 233 est
1313 189 1598 242 absconditos,
1629 208 1674 235 ac

254 268 452 327 mysticos
481 284 611 323 panes
643 284 860 323 apponere
891 268 1155 309 venientibus
1185 280 1336 323 potest.

366 347 406 388 2.
440 346 527 388 Sed
556 362 863 401 persequamur
901 362 1015 386 nunc
1053 344 1245 396 interim,
1293 345 1395 401 quid
1427 345 1509 399 agit
1540 346 1676 386 Abra-

255 425 354 465 ham
385 440 482 464 curn
511 423 647 464 tribus
678 422 797 472 viris,
839 422 910 479 qui
952 422 1202 465 adstiterunt
1243 439 1372 478 super
1402 439 1513 463 eum.
1582 419 1678 464 Hoc

254 501 394 558 ipsum
425 500 533 551 vide,
565 500 691 555 quale
721 500 785 550 sit,
815 501 932 556 quod
963 517 1092 556 super
1121 517 1218 556 eum
1250 501 1437 550 veniunt,
1467 516 1556 540 non
1576 516 1679 541 con-

252 591 317 621 tra
349 595 459 620 eum.
519 575 770 633 Subjecerat
797 593 841 617 se
863 576 904 632 ¹)
935 577 1093 633 quippe
1122 577 1331 618 voluntati
1352 577 1449 626 Dei,
1479 577 1577 617 ideo
1607 593 1677 617 su-

251 673 329 713 per
346 657 393 712 ²)
433 671 531 695 eum
571 654 737 695 adstare
778 653 932 694 dicitur
973 654 1106 698 Deus.
1178 654 1369 710 Apponit
1407 669 1506 706 ergo
1546 669 1678 709 panes

219 775 224 788 x
250 734 386 775 tribus
415 732 625 773 mensuris
655 731 896 784 similaginis
921 747 1188 787 conspersos.
1260 732 1366 773 Tres
1397 731 1508 772 viros
1538 747 1676 772 susce-

250 812 328 868 pit,
356 811 492 852 tribus
520 808 727 851 mensuris
757 807 997 861 similaginis
1029 825 1158 864 panes
1195 808 1443 864 conspersit.
1503 809 1679 856 Totum,

254 891 371 945 quod
403 888 487 941 agit
515 885 752 945 mysticum,
783 897 921 927 totum
952 885 1222 926 sacramentis
1246 887 1456 941 repletum
1474 897 1544 927 cst.
1589 887 1677 940 Ap-

251 965 428 1021 ponitur
459 964 635 1013 vitulus,
676 980 771 1004 ecce
810 963 927 1003 aliud
967 973 1293 1005 sacramentum.
1379 961 1549 1017 Vitulus
1587 962 1677 1017 ipse

249 1060 342 1084 non
373 1054 434 1083 est
463 1043 606 1090 durus,
637 1040 711 1080 scd
741 1041 882 1079 honus
914 1049 955 1078 et
984 1049 1116 1080 tener.
1161 1038 1217 1080 Et
1248 1037 1350 1094 quid
1370 1050 1453 1079 tam
1471 1050 1679 1087 tenerum,

252 1120 356 1176 quid
385 1131 471 1159 tam
502 1119 691 1165 bonum,
733 1131 860 1171 quam
902 1126 962 1156 est
992 1115 1083 1165 ille,
1129 1115 1202 1171 qui
1240 1115 1476 1158 humiliavit
1514 1133 1558 1158 se
1595 1132 1676 1171 pro

249 1197 374 1238 nobis
417 1212 552 1252 usque
589 1196 643 1235 ad
683 1204 889 1242 mortem,
937 1203 979 1233 et
1027 1193 1215 1236 animam
1255 1210 1374 1235 suam
1413 1193 1558 1250 posuit
1594 1210 1674 1248 pro

250 1273 394 1314 amicis
434 1272 546 1314 suis?
605 1270 776 1317 Vitulus
818 1269 891 1310 ille
928 1268 1159 1323 saginatus,
1210 1288 1338 1327 quem
1383 1288 1463 1326 pro
1504 1282 1675 1326 recepto

248 1350 494 1408 poenitente
523 1348 613 1389 filio
648 1346 810 1405 jugulat
838 1359 970 1402 pater.
1038 1348 1136 1398 „Sic
1154 1348 1199 1403 ³)
1240 1348 1354 1389 enim
1384 1349 1503 1388 Deus
1533 1347 1677 1389 dilexit

248 1430 361 1469 hunc
391 1428 626 1476 mundum,
657 1438 703 1467 ut
734 1426 870 1465 filium
901 1442 1026 1465 suum
1056 1424 1232 1466 unicum
1264 1427 1408 1467 daret“
1436 1441 1517 1480 pro
1549 1424 1676 1482 hujus

246 1505 397 1546 mundi
428 1504 521 1548 vita.
581 1505 669 1545 Nec
693 1514 835 1543 tamen
866 1503 966 1544 latet
995 1503 1262 1559 sapientem,
1294 1519 1402 1558 quos
1434 1502 1673 1558 susceperite
1709 1500 1711 1502 ’

250 1583 407 1624 Tribus
442 1580 648 1631 occurrit,
688 1592 728 1621 et
757 1598 892 1621 unum
925 1582 1096 1630 adorat,
1138 1591 1179 1620 et
1217 1580 1272 1620 ad
1310 1596 1445 1621 unum
1483 1580 1675 1635 loquitur

250 1661 412 1701 dicens:
444 1658 639 1710 „declina
656 1659 702 1714 4)
734 1661 786 1700 ad
817 1676 1000 1714 puerum
1032 1669 1177 1707 tuum,
1220 1667 1261 1696 et
1291 1657 1490 1709 refrigera
1520 1669 1563 1697 te
1592 1658 1671 1698 sub

248 1741 441 1779 arbore.“
512 1736 596 1777 Sed
639 1737 861 1790 quomodo
907 1735 1025 1776 addit
1064 1736 1219 1774 iterum
1268 1733 1385 1788 quasi
1425 1734 1671 1776 hominibus

247 1814 460 1870 loquens?
518 1809 866 1868 ‚,Accipiatur,⁵)
895 1811 1055 1867 inquit,
1087 1827 1218 1866 aqua,
1248 1823 1288 1852 ct
1318 1812 1512 1852 laventur
1542 1813 1671 1867 pedes

246 1891 413 1933 vestri.“
469 1891 611 1931 Docet
642 1889 815 1945 quidem
853 1901 893 1929 te
930 1896 1007 1944 per
1037 1889 1139 1928 haec
1170 1888 1388 1929 Abraham
1419 1901 1541 1944 pater
1571 1906 1670 1942 gen-

245 1970 351 2011 tium
384 1979 422 2010 et
451 1967 659 2020 magister,
691 1967 915 2022 quomodo
950 1965 1135 2020 hospites
1167 1964 1379 2020 suscipere
1411 1967 1588 2027 debeas,
1631 1978 1669 2007 et

244 2059 294 2088 ut
322 2048 432 2087 laves
463 2044 680 2101 hospitum
710 2045 864 2099 pedes,
903 2054 1045 2082 tamen
1076 2054 1115 2083 et
1146 2043 1230 2083 hoe
1260 2043 1306 2085 in
1335 2042 1532 2102 mysterio
1565 2043 1668 2083 diei-

244 2137 325 2167 tur.
386 2123 556 2164 Sciebat
595 2121 706 2162 enim
747 2119 961 2161 dominica
979 2119 1025 2175 ὗ)
1057 2132 1340 2172 sacramenta,
1380 2138 1470 2162 non
1509 2121 1589 2162 nisi
1625 2121 1669 2162 in

241 2201 428 2244 lavandis
456 2199 638 2255 pedibus
671 2192 1019 2239 consummanda.
1094 2199 1181 2240 Sed
1223 2215 1302 2239 nee
1341 2198 1455 2251 illius
1495 2199 1669 2254 quidem

239 2276 454 2336 praecepti
497 2294 593 2318 cum
624 2276 796 2332 pondus
836 2275 1014 2326 latebat,
1063 2292 1148 2331 quo
1190 2275 1344 2317 dicitur
1372 2293 1395 2317 a
1425 2275 1667 2318 salvatore:

363 2488 406 2538 ¹)
438 2486 548 2527 Edd.
581 2484 776 2525 Merlini:
812 2484 970 2540 quippe
999 2500 1054 2525 sc.

357 2556 404 2611 ²)
436 2556 598 2598 Omnes
628 2556 731 2596 Blss.
779 2572 931 2610 „super
963 2570 1059 2594 eum
1091 2554 1302 2604 adstare,“
1343 2553 1441 2595 libri
1473 2554 1571 2595 editi
1603 2555 1664 2610 (v⁵

246 2634 278 2657 c*
313 2616 407 2656 edd.
441 2613 546 2666 M.)
579 2628 734 2667 „super
763 2613 968 2653 adstarc.“
1005 2611 1059 2653 R.

362 2684 407 2740 3)
438 2684 512 2723 Ev.
543 2684 697 2723 Joann.
730 2683 809 2730 HL*
838 2681 901 2725 16.

360 2756 405 2809 ⁴)
438 2754 526 2794 Csr.
559 2753 712 2793 Genes.
743 2751 899 2801 XvHI,
929 2753 968 2795 3.
1000 2753 1038 2793 4τ
1158 2751 1202 2805 ⁵)
1237 2750 1388 2794 Gene&
1424 2752 1579 2802 XVIII,
1614 2753 1646 2793 41ι

356 2824 405 2874 6)
439 2823 523 2863 Csr.
557 2839 616 2863 ev.
647 2823 804 2864 Joann.
836 2822 952 2863 XIII.
1242 2838 1251 2847 ⁸
