1764 3096
450 134 495 163 m
535 121 733 162 Gamzsm
762 118 962 159 Homini
983 118 1100 160 XIII.
1398 123 1481 166 249

72 236 185 278 venit
215 232 480 280 exsrinsecus,
509 232 584 272 sed
614 229 657 271 in
688 230 820 271 domo
852 247 944 280 sua,
972 242 1253 288 posteaquam
1287 235 1480 277 accendit

70 313 307 358 lucernam,
349 318 391 348 et
428 305 646 347 mundavit
675 305 854 347 domum
888 307 1085 348 sordibus
1117 319 1158 349 et
1184 307 1480 361 immunditiis,

69 404 170 442 quas
199 383 316 436 longi
344 382 550 438 temporis
579 380 741 434 ignavia
782 392 822 423 et
860 382 1075 425 habetudo
1116 396 1402 438 congesserat,
1443 399 1481 428 et

67 463 127 504 ibi
158 461 316 502 invenit
346 459 606 501 drachmam.
663 458 720 499 Et
748 470 794 499 tu
827 475 924 512 ergo
955 460 988 502 si
1019 462 1223 503 accendas
1248 462 1479 513 lucernam,

67 538 99 579 si
131 538 330 578 adhibeas
361 536 438 577 tibi
466 532 821 576 illuminationem
855 536 1036 592 Spiritus
1066 538 1220 588 saneti,
1263 550 1302 580 et
1339 539 1383 580 in
1414 540 1480 580 lu-

64 614 178 655 mine
209 612 295 670 ejus
327 613 465 653 videas
494 613 650 663 lumen,
680 611 866 653 invenies
893 613 1004 655 intra
1032 626 1074 655 te
1107 616 1362 661 drachmam.
1408 617 1478 657 In-

64 703 126 732 tra
156 702 198 732 te
227 707 412 746 namque
444 701 502 730 est
533 689 738 730 collocata
769 690 907 742 imago
948 691 1054 743 regis
1098 694 1298 735 coelestis.
1369 692 1479 735 Cum

65 767 177 808 enim
209 768 364 808 faceret
401 766 620 807 hominem
661 783 708 808 ex
744 766 866 808 initio
908 768 1047 817 Deus,
1095 770 1149 810 ad
1186 769 1408 822 imaginem
1441 784 1482 812 et

64 843 382 885 similitudinem
419 859 538 883 suam
582 841 680 883 fecit
721 859 839 884 eum:
890 856 929 885 et
978 845 1088 886 hanc
1125 846 1349 898 imaginem
1388 865 1480 889 non

68 920 332 970 extrinsecus,
363 919 437 961 scd
468 918 578 959 intra
608 935 705 959 eum
737 920 974 964 collocavit.
1041 923 1157 963 Haec
1195 922 1240 963 in
1276 935 1318 964 te
1347 924 1480 965 videri

65 1014 155 1038 non
184 1008 362 1053 poterat,
395 998 530 1038 donec
563 998 714 1038 domus
745 1008 815 1038 tua
847 997 1019 1038 sordida
1051 1010 1158 1050 erat,
1201 1000 1480 1043 immunditiis

66 1087 105 1116 et
135 1075 359 1116 ruderibus
390 1075 565 1131 repleta.
622 1075 704 1115 Iste
734 1076 830 1115 fons
860 1073 1057 1116 scientiae
1086 1075 1195 1118 intra
1234 1089 1275 1118 te
1306 1091 1394 1120 erat
1424 1079 1479 1121 si-

63 1164 150 1202 tus,
200 1153 272 1194 scd
303 1169 393 1192 non
433 1163 604 1207 poterat
632 1151 785 1202 fluere,
833 1149 929 1206 quia
968 1150 1179 1194 Philistini
1218 1155 1481 1210 repleverant

65 1247 162 1270 eum
193 1241 315 1279 terra,
346 1240 387 1269 et
417 1229 603 1269 fecerant
643 1227 686 1268 in
730 1239 773 1268 te
811 1227 1036 1281 imaginem
1075 1230 1242 1274 terreni.
1308 1233 1395 1274 Sed
1432 1244 1479 1275 tu

63 1307 241 1363 portasti
284 1307 454 1361 quidem
494 1317 596 1346 tunc
634 1303 861 1357 imaginem
899 1306 1076 1356 terreni,
1124 1324 1240 1349 nunc
1280 1326 1378 1350 vero
1416 1310 1480 1352 his

65 1382 215 1424 auditis
246 1384 298 1422 ab
330 1383 402 1422 illa
434 1383 553 1424 omni
574 1382 688 1422 mole
722 1393 761 1422 et
793 1380 1067 1437 oppressione
1084 1395 1249 1425 terrena
1278 1402 1356 1441 per
1375 1387 1479 1428 Ver—

61 1463 167 1501 bum
198 1459 279 1500 Dei
310 1471 532 1515 purgatus,
562 1459 796 1511 'imaginem
828 1459 1018 1500 coelestis
1047 1461 1089 1501 in
1120 1472 1160 1501 te
1191 1462 1482 1517 splendescere

62 1537 203 1578 facito.
271 1535 388 1576 Haec
432 1552 528 1588 ergo
561 1536 699 1588 imago
733 1547 812 1586 est,
859 1537 911 1576 de
952 1552 1033 1591 qua
1073 1537 1239 1579 dicebat
1276 1552 1398 1594 pater
1427 1543 1481 1583 ad

62 1615 219 1655 filium:
251 1612 476 1664 „faciamus
496 1614 538 1667 ¹)
570 1613 789 1653 hominem
819 1614 872 1652 ad
911 1611 1139 1666 imaginem
1173 1627 1211 1656 ct
1240 1616 1479 1658 similitudi-

62 1708 161 1733 nem
191 1696 420 1732 nostram.“
476 1689 611 1729 Filius
641 1689 725 1730 Dei
757 1701 816 1730 est
844 1689 984 1744 pictor
1010 1688 1366 1746 hujussimaginis.
1426 1695 1482 1736 Et

67 1768 163 1824 quia
194 1767 286 1809 talis
317 1783 364 1807 ac
394 1777 533 1807 tantus
565 1777 625 1807 est
653 1765 813 1821 pictor,
853 1765 991 1819 imago
1039 1766 1126 1824 ejus
1159 1770 1376 1812 obscurari
1405 1789 1483 1828 per

63 1844 272 1897 incuriam
300 1855 451 1900 potest,
485 1843 616 1885 deleri
646 1861 724 1900 per
752 1843 956 1884 malitiam
994 1860 1083 1886 non
1126 1859 1277 1901 potest.
1335 1849 1482 1891 Manet

66 1922 176 1964 enim
206 1938 372 1978 semper
399 1921 539 1974 imago
569 1922 653 1962 Dei
684 1922 729 1962 in
760 1933 811 1971 te,
843 1921 942 1962 licet
970 1933 1016 1962 tu
1046 1921 1123 1962 tibi
1154 1924 1244 1978 ipse
1272 1928 1481 1980 superdu-

67 2016 132 2040 cas
163 1999 385 2051 imaginem
418 1997 586 2039 terreni.
644 1999 771 2038 Istam
801 1997 1009 2051 picturam
1040 2009 1086 2038 tu
1117 1998 1193 2039 tibi
1223 1999 1312 2056 ipse
1332 2003 1481 2058 depin-

67 2077 136 2128 gis.
198 2074 307 2116 Cum
341 2073 452 2115 enim
483 2086 522 2115 tc
551 2074 686 2115 libido
719 2075 963 2123 fuscaverit,
1006 2074 1206 2116 induxisti
1242 2094 1375 2119 unum
1409 2097 1480 2122 co-

66 2154 204 2193 lorem
235 2164 463 2192 terrenum.
524 2151 569 2193 Si
599 2168 698 2192 vero
732 2162 772 2192 ct
801 2150 1032 2207 avaritia2)
1063 2164 1243 2204 aestuas,
1282 2156 1483 2200 miscuisti

67 2240 108 2269 et
137 2229 278 2269 alium.
337 2231 423 2270 Sed
454 2241 493 2270 et
524 2246 619 2269 cum
649 2240 690 2270 te
721 2228 782 2270 ira
812 2228 1087 2281 sanguineum
1116 2229 1238 2280 facit,
1267 2233 1386 2274 addis
1417 2234 1482 2275 ni—

65 2306 303 2346 hilominus
339 2317 380 2346 ct
417 2303 587 2345 tertium
619 2305 819 2347 colorem.
892 2306 1127 2361 Superbiae
1168 2324 1340 2364 quoque
1379 2311 1482 2354 alius

25 2410 30 2413 -
67 2382 238 2424 additur
265 2384 406 2432 fucus,
447 2393 486 2422 ct
513 2380 738 2436 impietatis
768 2382 882 2423 alius.
952 2383 1008 2423 Et
1037 2383 1093 2424 sic
1123 2401 1200 2439 per
1215 2385 1260 2440 3)
1302 2386 1482 2440 singulas

71 2476 254 2516 quasque
284 2458 469 2501 malitiae
497 2458 676 2514 species,
705 2460 819 2500 velut
849 2459 1019 2501 diversis
1050 2460 1267 2504 coloribus
1307 2480 1482 2517 congre-

187 2606 231 2662 ¹)
264 2606 416 2648 Genes,
446 2608 480 2658 I,
507 2608 575 2651 26.

74 2733 100 2774 d
183 2676 230 2729 ²)
247 2675 331 2772 I{ic
360 2677 460 2720 RIss.
505 2678 619 2719 Alias
649 2678 704 2730 (ν.
736 2694 770 2718 c.
803 2677 844 2718 in
877 2677 971 2719 edd.
1001 2677 1110 2731 MA)
1146 2680 1366 2728 „avaritiae
1395 2695 1484 2724 stu-

105 2737 217 2774 eas.“
290 2764 297 2772 .

187 2800 233 2856 ³)
262 2800 385 2844 Mss.:
415 2820 516 2860 „per
536 2803 716 2856 singulas
741 2820 928 2860 quasque
947 2804 1130 2846 malitiae
1145 2806 1341 2861 species.“
1369 2807 1484 2851 Editi

74 2858 135 2913 (v.
165 2875 196 2900 c.
229 2858 325 2903 edd.
354 2858 459 2915 Μ.);
491 2876 593 2916 „per
621 2860 802 2914 singulas
833 2876 1019 2917 quasque
1049 2861 1268 2904 malitias.“
1296 2864 1346 2908 R.
