1764 3096
269 95 354 139 232
867 92 1091 137 Omcnms

277 205 543 257 reficiantur,
572 206 648 249 sed
679 206 1033 263 occupationibus
1063 218 1212 249 vacent
1243 208 1382 250 cordis
1411 209 1473 250 sui
1505 220 1545 252 et
1576 213 1686 264 cogi-

275 282 519 334 tationibus,
547 299 650 339 quas
677 298 819 325 secum
850 283 1066 335 deferunt,
1098 296 1137 325 et
1167 284 1384 328 discedant
1411 286 1689 332 nihilominus

276 359 329 399 ab
361 359 676 416 Scripturarum
718 358 854 415 puteis
891 360 1084 404 sitientes.
1148 361 1357 405 Festinate
1387 379 1484 416 ergo
1516 381 1612 415 vos,
1652 377 1693 406 et

276 435 373 476 satis
403 436 521 489 agite,
549 447 595 477 ut
625 435 698 477 ista
731 437 786 477 ad
816 453 888 478 vos
927 438 1107 480 Domini
1136 438 1378 481 benedictio
1409 440 1570 491 veniat,
1608 457 1691 496 qua

275 513 391 568 apud
422 524 596 568 puteum
628 513 795 556 visionis
827 514 1016 556 habitare
1045 515 1231 572 possitis,
1273 528 1319 556 ut
1351 516 1509 572 aperiat
1538 516 1692 558 Domi-

274 605 353 630 nus
384 591 534 632 oculos
561 602 736 641 vestros,
779 601 818 631 et
857 591 1028 633 videatis
1059 604 1233 648 puteum
1265 593 1456 644 visionis,
1487 605 1525 635 et
1555 593 1693 650 perci-

272 668 393 720 piatis
426 683 473 708 ex
503 682 554 709 eo
587 683 740 723 aquam
771 668 919 718 vivam,
949 684 1056 724 quae
1077 668 1149 710 fiat
1165 668 1208 710 in
1233 669 1525 726 vobisfons1)
1556 686 1692 725 aquae

273 742 456 785 salientis
485 745 528 786 in
560 743 684 786 vitam
718 757 943 786 aeternam.
1012 745 1058 787 Si
1097 745 1187 801 quis
1222 757 1361 787 autem
1403 763 1502 788 raro
1535 746 1588 787 ad
1621 762 1688 788 ec-

273 819 439 861 clesiam
470 820 622 876 veniat,
655 838 751 863 raro
784 824 837 864 de
869 822 1183 878 Scripturarum
1215 824 1406 864 fontibus
1437 822 1617 874 hauriat,
1649 836 1688 864 et

272 912 381 951 quae
412 899 542 948 audit,
573 899 778 941 continuo
812 899 1050 949 discedens,
1091 911 1130 941 et
1171 899 1258 941 aliis
1290 901 1468 952 negotiis
1501 916 1687 957 occupa-

269 985 334 1014 tus
367 975 545 1025 omittat,
575 975 643 1015 hic
674 991 763 1016 non
795 975 955 1016 habitat
1000 977 1115 1031 apud
1155 987 1332 1033 puteum
1374 976 1557 1019 visionis.
1617 978 1689 1020 Vis

269 1050 345 1089 tibi
381 1052 614 1099 ostendam,
646 1051 737 1105 quis
771 1063 841 1100 est,
871 1052 945 1106 qui
974 1068 1195 1108 nunquam
1227 1054 1385 1095 recedit
1416 1071 1436 1095 a
1468 1066 1597 1110 puteo
1629 1054 1690 1096 vi-

269 1124 431 1167 sionis?
495 1127 728 1181 Apostolus
767 1126 945 1176 Paulus,
986 1130 1057 1183 qui
1100 1128 1286 1172 dicebat:
1335 1148 1447 1180 „nos
1463 1131 1508 1187 2)
1549 1143 1686 1172 autern

271 1219 418 1245 omnes
456 1204 635 1244 revelata
676 1203 782 1244 facie
820 1203 997 1255 gloriam
1037 1204 1218 1247 Domini
1257 1209 1566 1263 speculamur.“
1633 1209 1690 1249 Et

267 1289 311 1319 tu
345 1294 441 1331 ergo
471 1281 504 1321 si
533 1296 702 1336 semper
723 1281 992 1336 perscruteris
1009 1282 1279 1337 propheticas
1298 1283 1487 1333 visiones,
1517 1283 1549 1324 si
1578 1300 1688 1325 sem-

263 1371 342 1412 per
369 1355 571 1412 inquiras,
600 1373 769 1413 semper
800 1357 958 1399 discere
989 1358 1147 1413 cupias,
1179 1360 1282 1401 haec
1310 1359 1536 1412 mediteris,
1566 1361 1612 1402 in
1641 1359 1688 1401 iis

264 1448 536 1488 permaneas,
573 1434 756 1492 percipis
797 1446 836 1476 et
880 1446 925 1476 tu
964 1435 1306 1478 benedictionem
1338 1455 1361 1479 a
1392 1438 1609 1488 Domino,
1649 1450 1689 1479 et

265 1510 430 1552 habitas
467 1513 582 1568 apud
619 1524 795 1568 puteum
833 1511 1017 1554 visionis.
1093 1513 1147 1554 Et
1186 1514 1263 1555 tibi
1313 1514 1425 1556 enim
1465 1515 1688 1571 apparebit

264 1587 482 1630 Dominus
512 1589 633 1631 Jesus
664 1589 708 1630 in
739 1588 827 1639 via,
869 1601 909 1630 et
946 1588 1108 1645 aperiet
1148 1589 1225 1631 tibi
1262 1591 1522 1647 Scripturas,
1551 1591 1608 1633 ita
1640 1602 1687 1633 ut

266 1662 400 1704 dicas:
429 1680 603 1713 „nonne
620 1665 664 1720 3)
697 1683 773 1707 cor
801 1678 995 1708 nostrum
1027 1668 1178 1708 ardens
1209 1680 1297 1710 erat
1326 1668 1371 1709 in
1400 1667 1545 1718 nobis,
1587 1684 1683 1709 cum

268 1740 450 1796 aperiret
478 1742 605 1783 nobis
638 1742 934 1799 Scripturas?“
1009 1745 1196 1799 Apparet
1224 1757 1364 1786 autem
1395 1745 1480 1794 his,
1527 1744 1599 1800 qui
1630 1745 1683 1786 de

264 1817 358 1872 ipso
392 1816 589 1869 cogitant,
619 1829 659 1859 et
699 1819 740 1860 in
774 1818 867 1876 ipso
899 1819 1179 1872 meditantur,
1218 1833 1345 1878 atque
1381 1821 1426 1862 in
1466 1821 1556 1873 lege
1594 1820 1683 1878 ejus

266 1893 334 1934 die
363 1910 412 1935 ac
441 1906 568 1935 nocte
597 1907 827 1937 versantur.
885 1897 971 1951 Ipsi
1002 1897 1157 1949 gloria,
1197 1910 1236 1940 et
1264 1899 1492 1955 imperium
1520 1897 1565 1939 in
1593 1913 1683 1940 sae-

265 1970 360 2012 cula
391 1971 673 2014 saeculorum.
731 1974 882 2014 Amen.

678 2344 1106 2389 HOMILIA
1163 2348 1260 2393 XII.

560 2457 631 2498 De
661 2471 873 2515 conceptu
903 2459 1134 2510 Rebeccae,
1166 2472 1205 2501 et
1234 2473 1370 2516 partu.

369 2554 407 2595 1.
437 2553 519 2595 Per
559 2554 738 2607 singulas
777 2572 964 2613 quasque
1001 2557 1201 2600 lectiones
1259 2574 1355 2599 cum
1396 2557 1544 2611 legitur
1574 2559 1672 2600 Mo-

259 2647 334 2682 ses,
365 2632 550 2674 orandus
581 2643 641 2674 est
668 2633 793 2675 nobis
826 2645 946 2689 pater
977 2635 1134 2687 Verbi,
1182 2646 1228 2676 ut
1257 2635 1435 2691 impleat
1476 2636 1599 2677 etiam
1628 2636 1673 2677 in

261 2718 397 2726 ὓ..--

373 2762 417 2816 ¹)
450 2763 537 2805 Cfr.
569 2781 625 2808 ev.
658 2770 812 2809 Joann.
843 2767 914 2819 IV,
944 2768 1008 2812 14.
1127 2767 1174 2824 ²)
1205 2767 1244 2809 II
1276 2767 1376 2811 Cor.
1405 2767 1480 2820 III,
1511 2768 1576 2813 18.

370 2833 418 2889 ³)
451 2834 551 2877 Luc·
583 2836 742 2888 XXIV,
770 2838 837 2880 32.

1754 312 1764 334 e

1758 378 1764 407 Ι
