1764 3096
209 129 295 174 180
814 123 1042 165 Omoems

212 241 405 297 tegritate
433 238 691 298 procedunt.
750 235 889 288 Vigila
921 251 1042 288 ergo,
1072 244 1280 291 quantum
1314 245 1459 291 potes,
1497 245 1538 277 et
1568 237 1646 277 ob-

215 337 344 372 serva,
374 335 430 361 ne
460 319 514 359 de
543 316 607 358 his
638 330 810 368 generes
847 311 981 355 filios:
1019 314 1117 369 quia
1157 312 1231 368 qui
1262 312 1316 353 de
1347 313 1409 354 his
1439 312 1527 353 nati
1557 313 1649 353 fue.-

214 398 315 447 rint,
345 413 439 437 non
466 394 710 436 introibunt
740 392 785 433 in
817 391 1036 432 ecclesiam
1069 389 1263 431 Domini.
1322 389 1392 430 Tu
1429 401 1585 439 autem,
1616 388 1650 430 si

216 475 275 516 vis
306 488 522 526 generare,
553 471 596 512 in
627 472 777 527 spiritu
799 485 966 522 genera,
995 467 1200 524 quoniam
1233 466 1333 522 „qui
1351 466 1395 523 ¹)
1425 466 1470 507 in
1500 466 1649 523 spiritu

218 553 417 602 seminat,
461 551 515 590 de
559 547 709 604 spiritu
749 558 879 587 metet
907 545 1035 586 vitam
1069 549 1326 596 aeternamf‘
1397 544 1443 586 Si
1472 545 1529 586 vis
1561 561 1652 586 am-

217 629 361 685 plecti,
392 624 711 683 amplectere2)
747 623 1023 681 sapientiam,
1070 634 1111 663 et
1147 622 1216 663 dic
1247 621 1498 678 sapientiam
1527 638 1651 663 soro-

219 722 311 746 rem
341 716 459 745 tuam
490 720 588 754 esse,
618 715 663 744 ut
697 715 737 744 et
766 700 971 759 sapientia
1004 700 1116 741 dicat
1138 700 1191 740 de
1221 710 1280 740 tc:
1310 699 1473 755 ,‚qui³)
1505 698 1652 740 fecerit

217 783 481 822 voluntatem
513 780 648 822 Patris
680 781 777 829 mei,
809 779 881 835 qui
911 779 956 820 in
987 776 1115 818 coelis
1147 789 1222 826 est,
1247 775 1315 817 hic
1345 793 1465 818 meus
1497 788 1537 817 et
1566 777 1651 817 sra-

219 870 295 908 ter,
327 870 367 899 et
395 875 534 907 soror,
567 870 607 898 et
635 870 769 898 mater
800 861 900 897 est.“
974 855 1099 909 Quae
1127 853 1330 910 sapientia
1369 854 1491 895 Jesus
1525 851 1653 893 Chri·

218 947 304 976 stus
335 935 552 976 Dominus
581 947 727 976 noster
756 945 837 984 est,
883 933 950 973 cui
997 943 1054 975 est
1093 932 1226 983 gloria
1268 943 1306 972 et
1349 931 1575 986 imperium
1608 930 1652 970 in

218 1014 384 1054 saecula
416 1013 700 1055 saeculorum.
763 1013 913 1053 Amen2

659 1393 1089 1435 HOMILIA
1149 1391 1222 1434 VI.

222 1494 290 1535 De
308 1493 354 1548 4)
396 1492 649 1535 Abimelech
694 1487 1230 1545 1·ege'Philistin01-um,⁵)
1270 1489 1494 1546 quomodo
1542 1487 1654 1531 acci—

490 1587 593 1627 pere
624 1570 759 1612 voluit
791 1570 943 1612 Saram
974 1570 1017 1612 in
1048 1568 1383 1612 matrimonium.

337 1699 374 1740 1.
408 1699 600 1740 Recitata
631 1709 691 1738 est
723 1697 850 1738 nobis
883 1695 1059 1739 historia
1087 1694 1185 1737 libri
1220 1694 1449 1744 Geneseos,
1479 1694 1554 1734 ubi
1585 1710 1650 1735 re=

223 1779 378 1825 fertur,
409 1775 529 1830 quod
559 1787 659 1830 post
688 1773 895 1815 visionem
925 1773 1054 1814 trium
1084 1773 1298 1823 virorum,
1341 1784 1439 1827 post
1469 1773 1649 1813 eversio-

222 1871 323 1894 nem
364 1852 688 1903 Sodomorum,
728 1863 768 1892 et
806 1851 890 1892 Lot
932 1852 997 1891 vel
1038 1850 1331 1906 hospitalitatis
1369 1850 1549 1900 merito,
1587 1850 1654 1890 vel

224 1928 599 1981 consanguinitatis
620 1928 818 1969 Abrahae
836 1928 966 1979 gratia
986 1939 1210 1977 servatum,
1240 1928 1459 1983 profectus
1476 1926 1521 1981 ⁶)
1552 1938 1654 1976 „est,

222 2007 384 2063 inquit,
424 2006 526 2047 inde
564 2005 785 2047 Abraham
817 2007 870 2047 ad
904 2005 1147 2054 Africum,“
1187 2016 1227 2044 et
1265 2004 1378 2044 venit
1416 2005 1470 2045 ad
1511 2018 1653 2055 regem

222 2083 563 2126 philistinorum.
612 2083 812 2124 Refertur
842 2081 982 2130 etiam,
1013 2082 1132 2137 quod
1162 2092 1308 2138 pactus
1341 2080 1391 2121 sit
1420 2097 1518 2121 cum
1548 2080 1656 2122 Sara

224 2176 356 2202 uxore
384 2177 472 2209 sua,
501 2172 549 2200 ut
578 2176 668 2202 non
700 2159 859 2201 diceret
889 2175 1067 2201 uxorem
1106 2174 1149 2201 se
1180 2157 1430 2207 Abrahami,
1476 2160 1548 2201 sed
1579 2175 1649 2201 so-

341 2349 387 2406 ¹)
420 2349 557 2391 Galat.
589 2348 663 2399 VI,
690 2348 731 2392 8.

338 2421 386 2475 ²)
416 2420 498 2461 Ed.
528 2419 664 2461 Ruaei
693 2420 807 2462 sola:
839 2421 1108 2476 amplectare.

341 2491 388 2547 3)
418 2490 569 2532 Matth.
601 2489 698 2541 ΧΠ,
727 2491 795 2533 50.

342 2560 389 2616 ⁴)
419 2559 529 2602 cod.
560 2560 693 2603 sancti
713 2559 1003 2602 Theodorici:
1037 2560 1132 2610 „De
1149 2560 1493 2617 peregrinatione
1514 2561 1651 2603 Abra-

223 2617 342 2660 hami
369 2619 485 2673 apud
515 2632 656 2669 regem
687 2614 1054 2659 Philistinorum.“
1113 2616 1224 2660 Cod.
1254 2618 1650 2670 Sangermanensis:

222 2676 322 2726 „De
351 2691 417 2725 eo,
448 2675 567 2729 quod
599 2674 817 2715 Abraham
855 2675 1072 2728 profectus
1109 2674 1161 2716 sit
1201 2677 1255 2716 ad
1293 2691 1433 2726 regem
1464 2674 1651 2716 Philisti-

222 2749 394 2781 norum,
425 2743 465 2772 et
495 2732 615 2785 quod
644 2730 811 2772 finxerit
840 2730 989 2772 Saram
1019 2747 1214 2772 sororem
1244 2748 1365 2773 suam
1395 2737 1519 2773 esse.“
1549 2730 1597 2770 R.

341 2801 386 2854 ⁵)
417 2801 528 2842 Edd·
558 2801 619 2842 Μ.
651 2802 837 2842 addunt:
867 2816 940 2842 seu
969 2800 1320 2844 palaestinorum.

337 2869 384 2925 ⁶)
419 2870 570 2914 Genes.
603 2871 703 2923 XX,
731 2872 769 2915 1.
800 2896 850 2905 —
882 2870 993 2915 Edd.
1024 2871 1083 2913 M.
1117 2883 1156 2913 et
1186 2871 1235 2914 R.
1265 2872 1572 2929 „Aphricum.“
