1764 3096
237 79 321 123 120
837 80 1056 125 OmGEtus

240 189 371 244 telligi
399 207 478 247 per
506 190 751 244 allegoriam
781 193 977 244 debeant,
1008 192 1302 250 exposuimus,
1351 209 1445 234 cum
1478 193 1657 238 diximus

239 266 382 326 juberi
412 285 588 325 aquam,
616 271 661 312 id
692 281 777 321 est,
805 282 992 312 mentem
1023 271 1110 328 ejus
1139 270 1402 323 spiritualem
1422 270 1465 326 ¹)
1492 287 1661 313 sensum

242 347 499 401 producere,
531 359 570 389 et
598 360 752 390 terram
782 363 953 390 sensum
985 348 1120 390 earnis
1151 350 1357 403 proferre,
1388 360 1435 390 ut
1465 348 1661 390 dominc-

243 424 389 466 tur·iis
417 441 558 475 mens,
597 436 638 466 et
675 441 765 466 non
809 425 882 467 illa
922 425 1260 480 dominentur2)
1292 425 1339 467 ei.
1415 426 1519 466 Vult
1549 426 1663 466 enim

244 500 377 552 Deus,
407 514 453 544 ut
481 518 632 554 magna
662 503 739 544 ista
768 502 852 544 Dei
883 504 1044 543 factura
1075 503 1229 554 homo,
1259 515 1439 560 propter
1468 519 1594 558 quem
1626 514 1666 544 et

244 579 465 621 universus
495 591 657 621 creatus
688 590 746 621 est
773 580 972 630 mundus,
1001 596 1091 620 non
1122 582 1263 622 solum
1293 581 1588 622 immaculatus
1615 578 1667 621 sit

247 658 301 697 ab
332 656 407 707 his,
439 673 548 713 quae
576 673 703 713 supra
733 656 927 707 diximus,
959 669 999 698 et
1027 658 1242 707 immunis,
1266 661 1340 700 sed
1363 670 1401 699 et
1421 658 1667 699 dominetur

245 733 306 775 iis.
364 734 462 776 Jam
491 751 591 776 vero
625 735 751 791 quale
780 734 936 775 animal
964 735 1015 776 sit
1044 736 1194 784 homo,
1225 750 1272 775 ex
1300 735 1400 790 ipsis
1422 736 1669 791 Scripturae

245 812 516 854 sermonibus
547 812 876 854 consideremus.
931 811 1092 854 Omnes
1120 811 1310 866 reliquae
1339 811 1667 887 creaturasj'us-

249 888 372 929 sione
407 889 492 930 Dei
529 890 659 941 fiunt,
704 889 873 931 dicente
913 889 1158 945 Scriptura:
1205 889 1334 945 ‚,et³)
1382 889 1484 932 dixit
1525 889 1669 932 Deus:

249 964 325 1005 fiat
351 965 708 1008 firmamentum.“
765 966 906 1031 „Et4)
937 966 1039 1009 dixit
1066 966 1206 1008 Deus:
1240 979 1518 1020 congregetur
1547 982 1671 1023 aqua,

251 1057 362 1097 quae
390 1044 469 1084 sub
502 1045 625 1086 coelo
657 1056 729 1094 est,
758 1044 802 1085 in
822 1043 1207 1104 'congregationem
1227 1061 1371 1096 unam,
1401 1057 1441 1086 et
1469 1056 1674 1101 appareat

253 1118 412 1162 arida.“
468 1118 610 1176 „Et⁵)
652 1120 752 1162 dixit
779 1121 919 1162 Deus:
960 1122 1178 1176 producat
1213 1134 1327 1163 terra
1364 1123 1542 1163 herbam
1579 1123 1673 1163 foe-

251 1195 310 1238 ni.
323 1202 348 1222 “
409 1199 475 1240 Ita
513 1197 637 1239 etiam
674 1197 720 1239 in
749 1197 920 1252 reliquis
950 1196 1064 1239 dicit.
1122 1197 1352 1240 Videamus
1383 1210 1534 1248 autem,
1565 1213 1675 1253 quae

252 1286 362 1325 sunt,
393 1291 502 1330 quae
527 1274 765 1330 ipse-Deus
794 1273 965 1330 fecit,⁶)
996 1286 1036 1315 et
1062 1290 1142 1330 per
1170 1275 1297 1326 haec,
1328 1291 1437 1331 quae
1464 1274 1676 1327 magnitu-

253 1351 313 1392 do
345 1350 533 1392 hominis
563 1350 630 1402 sit,
658 1353 938 1393 advertamus.
1007 1350 1147 1408 ‚,In⁷)
1183 1351 1399 1409 principio
1430 1351 1529 1393 fecit
1555 1352 1676 1394 Deus

255 1429 428 1470 coelum
458 1439 500 1470 et
526 1434 726 1471 terram.“
785 1427 990 1471 Similiter
1017 1428 1092 1470 ait:
1132 1441 1199 1479 „et
1212 1428 1258 1485 Β)
1295 1429 1398 1471 fecit
1427 1430 1514 1471 duo
1546 1429 1675 1470 lumi-

252 1505 376 1547 naria
404 1511 599 1558 magna.“
654 1506 712 1547 Et
738 1523 855 1548 nunc
884 1507 1059 1548 iterum:
1087 1506 1317 1556 „faciamus
1335 1506 1380 1564 9)
1412 1506 1677 1548 hominem.“

255 1583 309 1624 In
336 1583 399 1626 his
428 1584 528 1625 solis
568 1586 733 1625 factura
770 1582 902 1638 ipsius
938 1583 1025 1625 Dei
1063 1584 1339 1634 adscribitur,
1379 1584 1424 1625 in
1455 1583 1546 1625 aliis
1576 1600 1676 1624 vero

255 1675 491 1716 nusquam:
528 1662 604 1703 sed
632 1661 934 1702 tantummodo
966 1662 1136 1702 coelum
1167 1672 1206 1702 et
1234 1672 1369 1710 terra,
1411 1661 1477 1702 sol
1507 1671 1547 1701 et
1575 1661 1680 1702 luna

258 1754 307 1779 ac
335 1738 502 1788 stellae,
540 1750 579 1780 et
613 1754 733 1783 nunc,
767 1738 901 1779 homo
944 1755 968 1779 a
996 1738 1094 1780 Deo
1137 1737 1338 1794 factam)
1366 1749 1486 1789 sunt,
1535 1738 1682 1780 omnia

257 1831 359 1855 vero
391 1814 556 1870 reliqua
583 1814 742 1873 jussion
777 1821 781 1823 ’
812 1815 900 1872 ejus
937 1817 1046 1856 facta
1087 1831 1173 1858 esse
1215 1815 1431 1858 dicuntur.
1493 1815 1559 1856 Ex
1594 1817 1680 1857 hoe

259 1906 360 1944 ergo
399 1891 642 1942 considera,
682 1904 839 1948 quanta
867 1892 920 1935 sit
955 1892 1204 1945 magnitudo
1236 1892 1443 1943 hominis,
1490 1892 1565 1948 qui
1592 1904 1682 1933 tam

259 1969 420 2022 magnis
452 1967 669 2010 elementis
707 1981 880 2024 tamque
918 1968 1159 2025 praecipuis
1198 1968 1567 2024 adaequatur‚¹¹)
1609 1970 1683 2024 qui

258 2048 392 2088 habet
419 2047 634 2089 honorem
667 2045 789 2096 coeII,
818 2057 996 2104 propter
1032 2047 1150 2102 quod
1190 2058 1229 2087 et
1258 2047 1480 2088 coelorum
1511 2047 1549 2088 ci
1577 2064 1682 2103 pro-

384 2182 427 2235 ¹)
458 2181 589 2222 Deest
617 2198 717 2221 vox:
750 2179 1079 2235 „spiritualemf‘
1108 2179 1151 2220 in
1185 2192 1304 2220 antea
1333 2179 1451 2222 editis
1474 2179 1590 2222 libris
1621 2183 1681 2235 (v,

265 2254 301 2279 c.
331 2238 427 2279 edd.
455 2236 556 2292 M),
585 2239 659 2278 sed
688 2237 868 2276 habetur
896 2236 941 2276 in
971 2237 1086 2284 Mss.,
1118 2248 1157 2276 et
1185 2236 1418 2277 necessaria
1442 2248 1512 2285 est,
1541 2248 1587 2277 ut
1616 2254 1683 2277 re-

263 2295 475 2348 spondeat
505 2295 624 2335 alteri
661 2294 884 2334 membro:
928 2303 997 2342 „et
1023 2303 1181 2333 terram
1209 2309 1378 2334 sensum
1412 2293 1546 2335 carnis
1577 2310 1682 2349 pro-

263 2352 415 2391 ferre.“
449 2349 501 2391 R.

380 2418 427 2474 ²)
456 2419 540 2461 Ed.
570 2418 727 2460 Ruaei:
758 2418 1013 2461 dominetur.
1130 2417 1175 2472 3)
1209 2417 1359 2461 Genes.
1391 2418 1424 2469 I,
1453 2419 1493 2462 6.

381 2489 429 2544 4)
462 2489 614 2531 Genes.
643 2490 676 2538 I,
704 2490 742 2532 9.
863 2489 907 2544 ⁵>
940 2489 1091 2530 Genes.
1124 2487 1155 2530 Ῐ.
1189 2488 1254 2530 11.

379 2560 427 2616 6)
457 2560 569 2600 Edd.
600 2557 794 2599 Merlini:
823 2560 939 2601 facit.
1056 2558 1102 2614 ⁷)
1134 2558 1284 2600 Genes.
1314 2560 1346 2609 I,
1377 2560 1437 2601 1.Ϊ

379 2630 427 2685 δ’)
460 2629 610 2671 (Ξῐοωέεε
640 2628 672 2676 I,
702 2630 767 2672 16.
888 2629 934 2683 9)
972 2628 1125 2670 Genes.
1156 2629 1187 2679 I,
1216 2630 1281 2671 26.

357 2700 430 2754 ¹⁰)
460 2701 586 2741 Mss.:
618 2701 750 2750 „facta
778 2706 913 2750 sunt,“
941 2700 1042 2743 libri
1073 2699 1172 2743 editi
1201 2702 1258 2756 (e.
1287 2717 1320 2743 c³
1340 2700 1435 2743 cdd.
1453 2700 1564 2756 M.)
1593 2702 1684 2753 „fa-

267 2770 356 2800 ctus
387 2762 487 2798 est.“
518 2757 566 2797 Γι,

361 2826 434 2882 Η)
464 2826 571 2870 Edd.
603 2826 796 2871 Merlini:
830 2828 1097 2884 adaequetur
