1764 3096
254 102 342 148 278
862 97 1086 142 Omonms

261 214 399 256 etitate
429 214 717 270 profecerant,
747 210 850 253 dicit
882 212 1120 255 Dominus:
1152 211 1264 268 „jam
1284 213 1327 268 Ι>
1365 231 1455 255 non
1489 213 1586 256 dico
1618 231 1690 256 vos

262 307 417 342 sert-0⁵,
447 291 520 333 sed
553 290 759 332 amieos:“
791 289 846 330 ita
879 289 981 331 dicit
1013 302 1050 331 et
1068 291 1151 331 istis
1173 290 1356 340 Pharao,
1383 302 1587 346 tanquam
1620 291 1692 346 qui

265 370 321 410 ad
350 385 568 410 summum
607 368 784 418 gradum
816 367 1032 423 nequitiae
1077 379 1116 408 et
1146 369 1198 408 ad
1230 369 1516 410 sacerdotium
1548 368 1693 423 perdi-

265 444 393 486 tionis
425 445 745 486 adscenderint:
789 443 898 500 „jam
931 461 1021 486 non
1054 444 1150 486 dico
1183 462 1258 486 vos
1289 462 1455 494 servos,
1486 446 1558 486 sed
1591 443 1697 485 ami-

269 526 384 563 cos.“
452 520 652 576 Denique
697 521 754 563 vis
793 522 918 571 scire,
963 521 1065 577 quid
1112 522 1271 564 intersit
1312 523 1420 563 inter
1458 523 1698 564 sacerdotes

267 598 366 648 Dei,
398 610 437 639 et
465 599 702 640 sacerdotes
732 597 998 640 Pharaonis?
1044 599 1212 640 Pharao
1244 611 1376 640 terras
1407 599 1604 640 concedit
1633 614 1697 639 sa-

272 675 519 716 cerdotibus
549 676 645 717 suis.
677 675 893 717 Dominus
930 687 1068 717 autem
1102 675 1392 717 sacerdotibus
1423 676 1504 717 suis
1535 687 1698 731 partem

270 768 360 793 non
393 753 589 794 concedit
618 752 662 793 in
691 764 815 803 terra,
845 754 917 795 sed
950 753 1052 794 dicit
1082 754 1152 794 iis:
1184 753 1302 805 „Ego
1319 753 1365 806 ²)
1394 769 1484 793 sum
1512 769 1609 807 pars
1631 768 1701 792 ve-

371 833 396 852 ὀί

272 840 367 870 stra.
457 828 689 871 Observato
720 846 841 882 crgo,
890 829 960 885 qui
1003 830 1103 870 haec
1135 831 1292 881 legitis,
1335 846 1481 871 omnes
1520 827 1702 869 Domini

276 906 527 954 sacerdotes,
558 918 597 947 et
635 908 792 957 videte,
824 922 932 962 quae
963 906 1014 948 sit
1047 906 1284 948 differentia
1317 907 1614 954 sacerdotum,
1646 921 1701 946 ne

277 983 402 1032 forte,
433 982 507 1038 qui
536 995 699 1039 partem
732 984 892 1024 habent
922 984 965 1024 in
995 996 1125 1032 terra,
1166 996 1204 1024 et
1234 984 1410 1024 terrenis
1445 984 1624 1024 cultibus
1656 998 1703 1023 ac

274 1059 419 1101 studiis
451 1071 612 1108 vacant,
641 1076 732 1099 non
762 1071 850 1100 tam
882 1059 1085 1108 Domini,
1126 1076 1253 1115 quam
1285 1060 1520 1102 Pharaonis
1566 1076 1706 1101 sacer·

278 1137 399 1177 dotes
432 1152 518 1177 esse
549 1135 781 1177 videantur.
851 1137 926 1176 Ille
965 1148 1022 1177 est
1064 1136 1201 1184 enim,
1245 1136 1316 1191 qui
1351 1138 1439 1177 vult
1467 1138 1707 1178 sacerdotes

277 1229 375 1255 suos
408 1213 566 1254 habere
595 1214 878 1269 possessiones
909 1225 1140 1261 terrarum,
1179 1224 1218 1252 et
1248 1229 1440 1253 exercere
1476 1213 1585 1264 agri,
1617 1230 1707 1254 non

281 1289 448 1331 animae
480 1290 704 1340 culturam,
734 1290 822 1331 ruri
853 1302 892 1331 et
928 1306 1016 1330 non
1058 1290 1137 1340 legi
1177 1306 1352 1345 operam
1397 1290 1511 1330 dare.
1584 1288 1710 1330 Chri-

279 1379 363 1409 stus
397 1379 536 1408 autem
567 1367 785 1410 Dominus
816 1380 962 1409 noster
1001 1368 1292 1409 sacerdotibus
1332 1366 1416 1407 suis
1454 1366 1556 1421 quid
1587 1382 1712 1421 prae-

284 1445 418 1501 cepit,
464 1444 699 1487 audiamus.
770 1444 950 1500 „Qui3)
998 1462 1087 1486 non
1136 1442 1516 1493 abrenuntiaverit,
1562 1442 1713 1498 inquit,
1763 1436 1764 1444 ¹

285 1523 497 1572 omnibus,
530 1538 638 1577 quae
667 1522 868 1577 possidet,
898 1540 990 1563 non
1020 1533 1163 1578 potest
1186 1537 1304 1561 meus
1327 1536 1411 1561 esse
1443 1519 1716 1574 discipulus.“

287 1597 583 1641 Contremiseo
627 1599 729 1640 haec
771 1599 927 1642 dicens.
1009 1599 1132 1640 Meus
1172 1596 1285 1638 enim
1323 1596 1465 1653 primo
1506 1597 1715 1646 omnium,

285 1692 426 1725 meus,
457 1675 646 1731 inquam,
676 1675 766 1731 ipse
796 1687 1017 1717 accusator
1048 1677 1210 1723 exsisto,
1242 1690 1355 1715 meas
1389 1674 1712 1715 condemnatio-

288 1768 362 1793 nes
393 1753 563 1806 loquor.
623 1753 757 1805 Negat
789 1751 980 1793 Christus
1011 1770 1134 1794 suum
1168 1766 1258 1792 esse
1289 1750 1560 1805 discipulum,
1586 1768 1712 1806 quem
1763 1799 1764 1803 Ἰ

286 1828 438 1870 viderit
468 1828 627 1884 aliquid
668 1829 979 1884 possidentem,
1027 1841 1066 1869 et
1099 1845 1218 1878 eum,
1266 1828 1338 1883 qui
1380 1844 1471 1869 non
1502 1828 1717 1868 renuntiat

289 1905 508 1954 omnibus,
549 1922 658 1960 quae
709 1907 904 1961 possidet.
972 1906 1029 1946 Et
1071 1905 1172 1960 quid
1225 1903 1409 1957 agimus?
1477 1904 1754 1959 Quomodo·

290 1982 396 2023 haec
427 1993 498 2023 aut
526 1982 606 2037 ipsi
637 1984 838 2034 legimus,
878 1994 949 2024 aut
989 1983 1160 2039 populis
1205 1981 1476 2038 exponimus,
1525 1980 1719 2037 quinon

289 2060 430 2100 solum
462 2075 551 2100 non
584 2059 931 2100 abrenuntiamus
969 2059 1054 2109 his,
1101 2075 1207 2115 quae
1248 2059 1532 2115 possidemus,
1573 2058 1646 2099 sed
1679 2069 1719 2098 et

292 2136 512 2191 acquirere
543 2137 738 2178 volumus
770 2153 830 2186 ea,
861 2153 969 2192 quae
1000 2153 1220 2192 nunquam
1240 2136 1465 2177 habuimus
1491 2146 1718 2189 antequam

292 2212 530 2254 veniremus
560 2214 614 2254 ad
660 2213 907 2255 Christum?
967 2214 1081 2254 Num
1116 2214 1344 2268 quidnam,
1385 2212 1483 2267 quia
1513 2228 1591 2252 nos
1622 2211 1719 2250 red-

297 2289 432 2342 arguit
461 2290 744 2339 conseientia,
787 2302 926 2342 tegere
967 2302 1006 2331 et
1037 2307 1126 2330 non
1158 2292 1373 2346 proferre,
1415 2304 1524 2344 quae
1564 2287 1718 2343 scripta

297 2378 406 2416 sunt,
437 2365 691 2423 possumus?
740 2367 854 2408 Nolo
887 2366 1092 2423 duplicati
1124 2367 1310 2408 criminis
1330 2364 1421 2406 fieri
1446 2382 1552 2406 reus.
1601 2364 1718 2406 Con-

297 2444 421 2485 fiteor
452 2444 546 2499 et4)
578 2444 719 2500 palam
751 2445 917 2500 populo
950 2444 1161 2493 audiente,
1192 2444 1401 2485 confiteor
1431 2444 1535 2483 haec
1565 2442 1721 2497 scripta

298 2537 407 2562 esse:
448 2522 608 2563 etiamsi
647 2522 842 2562 nondum
884 2521 1079 2577 implesse
1117 2536 1185 2562 me
1232 2520 1345 2561 novi.
1423 2520 1509 2562 Sed
1551 2536 1598 2561 ex
1637 2520 1720 2561 hoc

418 2702 462 2758 ¹)
493 2702 566 2744 Ev.
601 2703 757 2744 Joann.
787 2703 882 2753 XV,
914 2705 977 2746 15.

418 2771 464 2825 ²)
496 2772 583 2813 Cfr.
615 2775 740 2813 Num.
772 2772 930 2821 XVIII,
958 2774 1025 2815 20.
1145 2772 1192 2828 ³)
1221 2774 1321 2815 Luc.
1353 2772 1472 2823 XIV,
1499 2772 1566 2816 33.

415 2840 462 2896 ⁴)
492 2841 602 2883 Edd.
634 2841 829 2883 Merlini:
861 2842 978 2886 haec.
