1764 3096
280 113 365 156 112
881 110 1105 153 OmGEms

277 236 474 268 nostrum
513 235 626 266 terra
661 222 897 266 secundum
936 223 1134 265 virtutem
1172 238 1292 264 suam
1335 223 1458 264 affert
1503 222 1702 275 fructum,

279 305 362 346 alia
403 300 756 357 centesimum,¹)
803 300 883 342 alia
930 300 1258 352 sexagesimum,
1309 299 1389 342 alia
1425 299 1700 352 trigesimum.

279 381 366 422 Sed
398 392 437 421 et
464 380 572 421 illud
603 380 927 420 admonendum
957 377 1190 420 necessario
1209 377 1255 431 ²)
1286 376 1501 427 duximus,
1534 390 1581 418 ut
1608 379 1700 419 fru-

277 469 364 499 ctus
394 469 538 499 noster
567 472 777 511 nusquam
808 455 990 506 zizania,
1033 456 1078 496 id
1110 467 1167 496 est
1196 456 1407 510 nusqua'm
1440 454 1593 496 lolium
1623 455 1699 495 ha-

275 537 397 576 beat:
438 546 484 575 ut
515 535 674 575 fructus
705 544 850 574 noster
890 550 981 574 non
1009 532 1060 572 sit
1087 535 1207 573 secus
1235 532 1368 581 viam,
1411 532 1486 574 sed
1522 531 1568 573 in
1606 531 1698 587 ipsa

273 612 362 662 via,
400 613 445 653 in
475 611 572 660 illa,
615 625 723 665 quae
764 609 887 651 dicit:
938 609 1118 664 ‚,Ego3)
1158 626 1251 650 sum
1295 608 1409 649 via:“
1454 608 1698 658 seminetur,

274 689 419 745 utique
449 688 496 729 in
527 704 586 738 ea,
618 703 674 728 ne
704 703 796 729 aves
828 687 936 728 coeli
967 687 1194 728 comedant
1221 687 1383 728 fructus
1404 697 1588 737 nostros,
1616 701 1693 726 ne-

273 783 355 823 que
392 764 560 806 vineam
599 775 802 806 nostram.
863 764 1033 820 Siquis
1063 775 1204 804 tamen
1231 774 1426 804 nostrum
1456 762 1578 804 vinea
1608 778 1695 804 esse

271 842 486 892 meruerit,
515 842 666 891 videat,
694 858 748 883 ne
768 858 848 897 pro
869 858 947 882 uva
964 842 1114 882 asserat
1141 840 1306 896 spinas:
1337 852 1377 881 et
1405 852 1585 896 propter
1607 840 1693 881 hoc

269 920 356 978 jam
397 937 489 962 non
525 918 770 976 putabitur,
808 934 948 974 neque
988 919 1196 969 fodietur,
1238 934 1379 974 neque
1416 917 1692 959 mandabitur

267 997 480 1048 nubibus,
517 1009 565 1038 ut
601 997 754 1051 pluant
780 1012 909 1051 super
939 1011 1032 1036 earn
1061 996 1271 1051 pluviam:
1313 997 1387 1037 sed
1419 1010 1441 1036 e
1473 994 1688 1036 contrario

267 1074 533 1129 relinquetur
563 1075 741 1122 deserta,
769 1084 816 1113 ut
843 1073 1081 1114 increscant
1107 1090 1235 1129 super
1264 1088 1357 1114 eam
1388 1071 1546 1127 spinae.

379 1152 417 1192 5.
449 1149 553 1190 Post
581 1149 686 1190 haee
714 1165 815 1190 vero
855 1147 941 1205 jam
980 1151 1297 1191 firmamentum
1333 1160 1521 1190 meretur
1560 1146 1689 1190 etiam

265 1226 549 1269 luminaribus
598 1227 814 1268 adornari.
902 1227 975 1267 Ait
1016 1226 1129 1267 enirn
1175 1226 1317 1267 Deus:
1378 1224 1570 1280 ‚,f1ant⁴)
1617 1226 1684 1266 lu-

262 1303 444 1346 minaria
483 1304 530 1344 in
568 1303 840 1343 firmamento
881 1303 1011 1352 coeli,
1055 1314 1103 1343 ut
1143 1303 1315 1342 luceant
1351 1317 1480 1357 super
1516 1312 1685 1353 terram,

263 1391 303 1421 et
333 1380 523 1421 dividant
550 1377 662 1421 inter
691 1379 803 1420 diem
836 1390 875 1420 et
903 1383 1117 1420 noctem.“
1185 1378 1306 1419 Sicut
1336 1377 1383 1419 in
1412 1380 1683 1421 firmamento

258 1456 355 1508 isto,
387 1457 507 1512 quod
535 1455 622 1515 jam
653 1457 823 1498 coelum
842 1458 981 1498 fuerat
1011 1455 1286 1512 appellatum,
1313 1453 1433 1512 jubet
1449 1455 1568 1497 Deus
1591 1455 1686 1498 fieri

258 1533 500 1584 luminaria,
529 1544 577 1574 ut
607 1532 798 1575 dividant
824 1533 936 1574 inter
963 1533 1155 1574 medium
1185 1533 1271 1575 diei
1303 1544 1343 1574 et
1370 1533 1525 1575 noctis:
1556 1532 1614 1574 ita
1644 1544 1685 1574 et

256 1613 302 1653 in
332 1611 458 1652 nobis
487 1610 582 1652 fieri
609 1621 761 1667 potest,
790 1610 824 1652 si
853 1622 996 1652 tamen
1021 1611 1264 1652 studeamus
1294 1621 1334 1651 et
1360 1627 1441 1652 nos
1469 1611 1614 1652 vocari
1643 1621 1685 1651 et

258 1687 370 1730 effici
401 1688 593 1730 coelum:
622 1688 851 1729 luminaria
879 1687 1131 1730 habebimus
1170 1687 1216 1728 in
1244 1687 1393 1737 nobis,
1434 1703 1544 1742 quae
1580 1685 1680 1727 illu-

255 1766 422 1806 minent
449 1782 542 1816 nos,
574 1764 791 1807 Christum
823 1777 861 1807 et
891 1764 1111 1806 ecclesiam
1142 1763 1242 1823 ejus.
1287 1764 1383 1821 Ipse
1413 1764 1532 1820 est⁵)
1564 1764 1679 1806 enim

253 1843 327 1884 lux
355 1843 531 1893 mundi,
570 1843 645 1899 qui
685 1854 725 1884 et
754 1842 974 1884 eeclesiam
1011 1841 1226 1884 illuminat
1264 1858 1341 1884 sua
1378 1842 1488 1883 luce.
1557 1843 1678 1885 Sicut

256 1919 372 1961 enim
401 1921 504 1961 luna
535 1921 588 1962 de
615 1921 707 1962 sole
736 1918 890 1961 dicitur
917 1919 1140 1975 percipere
1167 1920 1329 1970 lumen,
1356 1930 1404 1961 ut
1431 1935 1510 1975 per
1538 1918 1678 1976 ipsam

253 1997 380 2039 etiam
409 2014 495 2039 nox
523 1998 658 2054 possit
687 1996 941 2038 illuminari:
982 1995 1040 2041 ita
1080 2008 1122 2037 et
1152 1996 1340 2048 ecclesia,
1369 2004 1565 2053 suscepto
1606 1998 1675 2038 lu-

251 2076 370 2117 mine
400 2074 580 2126 Christi,
616 2074 832 2116 illuminat
863 2090 1036 2125 ornnes,
1075 2073 1149 2130 qui
1176 2074 1223 2115 in
1252 2074 1519 2126 ignorantiae
1546 2086 1675 2116 nocte

249 2163 480 2194 versantur.
547 2151 595 2193 Si
633 2169 734 2193 vero
775 2151 868 2207 quis
903 2151 950 2192 in
994 2150 1079 2192 hoc
1107 2150 1324 2206 proficiat,
1363 2162 1410 2192 ut
1444 2149 1531 2207 jam
1559 2151 1673 2194 filius

247 2230 334 2271 Dei
361 2229 590 2280 efficiatur,
629 2229 689 2271 sic
718 2240 765 2270 ut
792 2229 838 2269 in
868 2228 936 2270 die
965 2228 1143 2270 honeste
1171 2228 1383 2278 ambulet,
1411 2228 1532 2284 quasi
1559 2228 1670 2271 filius

246 2307 346 2357 Dei,
366 2316 416 2348 ‘et
442 2305 554 2348 filius
583 2305 710 2348 lucis:
740 2304 810 2346 hic
841 2304 894 2346 ab
923 2304 1020 2361 ipso
1054 2303 1222 2347 Christo
1253 2304 1532 2357 illuminatur,
1560 2305 1670 2349 sicut

248 2384 336 2427 dies
366 2401 390 2426 a
417 2386 519 2426 sole.

357 2462 396 2505 6.
425 2461 570 2516 „Et⁶)
597 2460 681 2503 sint
707 2460 753 2503 in
781 2460 899 2513 signa
930 2470 971 2501 et
997 2470 1214 2517 tempora,
1254 2472 1295 2503 et
1332 2459 1377 2503 in
1414 2460 1503 2504 dies
1542 2472 1583 2503 et
1618 2462 1667 2505 in

361 2642 405 2697 ¹)
439 2642 526 2685 Cfr.
557 2642 708 2685 Matth.
738 2643 857 2694 XIII,
883 2645 951 2688 23.

356 2712 404 2768 ᾖ>
433 2714 544 2756 Edd.
572 2712 769 2756 {Merliniz
798 2712 1093 2756 necessarium.

354 2784 402 2839 3)
431 2783 506 2826 Ev.
537 2784 696 2826 Joann.
725 2783 841 2835 XW,
869 2785 908 2829 6.
1027 2784 1074 2842 ⁴²)
1107 2784 1259 2828 Genes.
1289 2785 1322 2838 I,
1351 2785 1417 2829 14.

354 2851 399 2906 ⁵)
430 2853 542 2896 Edd.
571 2855 767 2900 Merlini:
798 2855 913 2900 enim
948 2868 1018 2901 est.
1134 2856 1182 2914 ⁶)
1213 2856 1364 2900 Genes.
1394 2856 1427 2909 I,
1455 2855 1521 2900 14.
1549 2854 1628 2909 15.Ῐ
