1764 3096
476 115 523 145 m
555 101 755 144 Gflmzsm
788 100 988 143 HommA
1006 102 1084 143 XI.
1416 102 1497 146 231

87 217 178 273 quis
218 206 362 272 potest⁴
393 213 574 264 singulas
614 229 801 268 quasque
840 213 1042 262 visiones,
1079 213 1144 253 vel
1183 227 1291 267 quae
1329 211 1372 252 in
1409 213 1497 265 lege

84 307 202 343 sunt,
238 292 302 332 vel
333 306 441 346 quae
481 289 525 330 in
555 289 797 345 prophetis,
847 290 954 332 scire
983 301 1023 330 et
1051 287 1293 340 intelligere,
1322 289 1393 328 ille
1424 290 1499 329 ha-

83 372 186 411 bitat
214 369 267 408 ad
297 379 473 422 puteum
499 366 680 407 visionis.
739 368 826 408 Sed
857 379 896 408 et
921 367 1005 408 hoc
1026 365 1264 417 diligentius
1294 364 1497 420 perspice,

82 446 198 501 quod
228 444 282 485 ita
313 459 509 496 magnam
539 443 880 485 benedictionem
911 443 1101 499 accipere
1132 459 1155 484 a
1183 441 1376 482 Domino
1406 457 1496 481 me-

81 522 166 562 ruit
205 521 341 570 Isaac,
377 533 424 561 ut
463 520 671 561 habitaret
707 522 759 562 ad
801 532 975 576 puteum
1016 519 1195 562 visionis.
1266 519 1355 558 Nos
1395 535 1495 558 vero

83 599 255 653 quando
285 597 381 639 satis
409 597 562 637 mereri
591 596 846 652 poterimus,
887 597 921 638 si
950 598 1062 637 sorte
1090 595 1312 637 transitum
1340 594 1498 634 habere

81 675 289 730 possimus
318 689 397 729 per
425 685 601 729 puteum
631 673 813 715 visionis.
856 673 933 713 Ille
961 685 1104 713 tamen
1126 688 1376 727 permanere
1405 687 1495 712 me—

82 749 165 791 ruit
181 749 224 791 in
248 750 407 791 visione
426 762 464 790 et
486 751 692 802 habitare,
719 769 799 793 nos
819 751 860 801 ¹)
877 767 1030 806 parum
1052 749 1155 805 quid
1176 748 1403 790 illuminati
1421 765 1499 804 per

79 826 162 867 Dei
179 826 510 868 inisericordiam
526 827 690 878 sentire,
709 830 772 870 vel
786 827 987 884 suspicari
1000 828 1052 868 de
1070 842 1327 880 unaquaque
1338 825 1500 866 visione

79 904 143 944 vix
172 921 409 959 possumus.
469 904 516 946 Si
546 917 687 945 tamen
717 916 902 960 potuero
941 922 1076 946 unum
1117 903 1302 959 aliquem
1332 903 1498 943 intelle—

80 993 194 1022 ctum
234 981 389 1023 sentire
427 983 481 1022 de
521 981 750 1023 visionibus
789 981 893 1032 Dei,
933 999 1064 1024 unam
1080 981 1126 1036 ²)
1166 981 1278 1022 diem
1317 980 1498 1021 videbor

30 1060 35 1065 ⁸
80 1058 224 1099 secisse
254 1059 308 1099 ad
337 1069 513 1114 puteum
547 1058 728 1101 visionis.
778 1060 824 1101 Si
843 1077 941 1100 vero
972 1076 1063 1100 non
1092 1059 1233 1099 solum
1261 1057 1496 1097 secundum

80 1135 265 1183 literam,
303 1136 378 1176 sed
418 1136 578 1191 aliquid
618 1148 658 1177 et
685 1137 918 1177 secundum
949 1132 1144 1189 spiritum
1173 1134 1396 1184 attingere,
1432 1131 1496 1172 bi-

79 1213 213 1253 duum
241 1211 422 1252 videbor
450 1212 596 1253 fecisse
627 1215 742 1268 apud
771 1225 948 1269 puteum
978 1207 1168 1255 visionsss,
1232 1209 1365 1264 Quod
1396 1219 1436 1249 et
1463 1207 1498 1249 si

79 1291 288 1330 moralem
328 1290 473 1330 locum
526 1289 764 1342 contigero,
814 1288 987 1331 fecerim
1027 1287 1240 1337 triduum,
1283 1287 1349 1327 vel
1387 1297 1498 1326 certe

80 1365 205 1407 etiam
234 1366 268 1407 si
297 1382 385 1406 non
416 1378 598 1421 potuero
631 1366 775 1407 omnia
804 1366 1054 1417 intelligere,
1098 1364 1262 1406 assideo
1277 1363 1322 1420 ³)
1353 1375 1494 1403 tamen

80 1442 294 1497 scripturis
326 1441 488 1490 divinis,
519 1454 557 1483 et
591 1442 635 1483 in
666 1445 754 1494 lege
783 1443 867 1485 Dei
897 1444 1080 1484 meditor
1110 1441 1178 1484 die
1209 1458 1257 1482 ac
1286 1451 1425 1488 nocte,
1457 1450 1495 1478 et

80 1520 259 1560 omnino
291 1536 510 1575 nunquam
543 1519 714 1569 desino,
757 1519 1040 1574 inquirendo,
1079 1517 1370 1564 discutiendo,
1407 1527 1491 1556 tra—

83 1597 265 1644 ctando,
310 1607 349 1636 et
379 1607 502 1645 certe,
534 1598 652 1651 quod
682 1595 911 1636 maximum
943 1608 1022 1644 est,
1063 1595 1228 1636 orando
1259 1593 1424 1640 Deum,
1456 1603 1495 1631 et

81 1675 133 1713 ab
162 1673 254 1728 ipso
285 1673 504 1728 poscendo
539 1672 822 1721 intellectum,
854 1671 926 1727 qui
957 1673 1083 1712 docet
1110 1670 1330 1710 hominem
1359 1667 1494 1710 scien—

80 1751 195 1799 tiam,
225 1751 404 1791 videbor
434 1749 554 1791 etiam
589 1765 664 1801 ego
688 1750 880 1791 habitare
914 1750 966 1789 ad
990 1760 1167 1804 puteum
1183 1745 1364 1787 visionis.
1416 1744 1493 1787 Sin

80 1844 178 1868 vero
209 1827 429 1879 negligam,
458 1843 598 1882 neque
614 1825 658 1881 ⁴)
690 1827 809 1868 domi
837 1841 1031 1867 exercear
1058 1823 1102 1865 in
1132 1825 1262 1864 verbo
1292 1822 1389 1872 Dei,
1417 1837 1494 1862 ne-

80 1921 163 1960 que
193 1904 407 1945 ecelesiam
440 1905 494 1945 ad
533 1905 795 1945 audiendum
823 1904 999 1943 verbum
1028 1901 1113 1942 Dei
1148 1903 1392 1955 frequenter
1426 1897 1492 1939 in·-

82 1981 268 2031 grediar,
304 1981 409 2021 sicut
438 1982 671 2021 nonnullos
700 1980 744 2019 in
774 1979 891 2019 vobis
922 1980 1069 2027 video,
1114 1979 1185 2033 qui
1224 1978 1372 2018 diebus
1401 1987 1493 2017 tan-

81 2058 305 2097 tummodo
337 2056 595 2097 solemnibus
635 2057 687 2096 ad
720 2055 936 2096 ecclesiam
965 2057 1159 2104 veniunt,
1199 2053 1271 2108 qui
1299 2052 1494 2108 hujusce-

84 2133 266 2187 modi5)
295 2146 404 2182 sunt,
434 2151 525 2173 non
556 2133 747 2173 habitant
788 2135 902 2187 apud
942 2145 1118 2188 puteum
1157 2129 1334 2172 visionis.
1400 2128 1490 2180 Ego

85 2222 222 2251 autem
261 2227 431 2260 vereor,
469 2226 524 2250 ne
564 2212 674 2250 sorte
715 2209 786 2264 qui
826 2209 883 2250 ita
922 2208 1173 2260 negligentes
1209 2218 1328 2255 sunt,
1369 2205 1492 2245 etiam

85 2304 181 2328 cuni
214 2289 266 2328 ad
299 2286 510 2328 ecclesiam
532 2286 715 2336 veniunt,
745 2303 836 2327 non
853 2286 1000 2327 bibant
1034 2286 1086 2326 de
1114 2295 1244 2341 puteo
1263 2282 1383 2332 vitae,
1412 2298 1492 2322 nec

202 2438 245 2491 l)
276 2438 385 2478 Edd.
415 2438 608 2478 Mei-lini:
638 2456 716 2480 nos
748 2437 920 2493 quidem
950 2454 1101 2493 parum
1133 2435 1356 2476 illuminati
1388 2447 1461 2475 etc.

199 2508 245 2560 ²)
274 2507 385 2547 Edd.
414 2507 606 2547 Merlini:
637 2527 719 2550 una
752 2509 831 2549 die.

200 2576 246 2632 ³)
278 2577 415 2617 Alias:
468 2579 652 2627 „assideo
701 2590 841 2618 tamen
891 2578 933 2617 in
983 2575 1223 2631 scripturis“
1262 2586 1335 2614 etc.
1404 2574 1490 2614 Sed

89 2633 187 2674 Mss.
216 2644 265 2696 ut
292 2632 335 2672 in
355 2644 515 2695 ’nostro
551 2645 676 2675 textu.
709 2635 758 2675 R.
790 2659 840 2665 —
872 2635 984 2675 Edd.
1016 2631 1209 2673 Mei-fini:
1239 2631 1402 2672 assidue
1430 2642 1491 2671 ta-

87 2705 184 2730 men
214 2705 255 2728 m
286 2689 500 2742 scripturis
531 2702 605 2730 etc.

203 2756 249 2810 ⁴¹)
280 2756 387 2798 Edd.
419 2758 611 2800 Merlini:
643 2772 682 2800 ct
712 2777 848 2816 neque
879 2759 998 2801 domi
1028 2769 1103 2799 etc.

210 2826 253 2880 ⁵)
287 2825 395 2868 Edd.
428 2827 623 2869 hlerl‘mi:
655 2827 911 2886 hujusmodi.
