1764 3096
455 117 499 146 m
533 101 734 144 Gmx’nsm
764 99 963 142 HOMmA
993 101 1102 143 VIII.
1399 105 1479 146 201

68 218 193 269 senti,
231 218 304 261 sed
346 217 398 257 de
435 216 579 255 futuro
625 213 746 255 dicit:
785 212 977 268 „deus¹)
1014 212 1255 268 providebit
1283 213 1373 268 ipse
1402 214 1480 256 sibi

70 312 189 336 ovem
205 300 241 336 :“
269 295 410 334 futura
439 290 658 346 respondit
688 290 778 331 filio
820 290 873 330 de
912 289 1202 345 praesentibus
1235 290 1480 345 requirenti.

66 371 161 426 lpse
190 383 371 423 namque
401 367 480 408 sibi
510 367 725 408 Dominus
766 383 887 407 ovem
929 368 1182 422 providebat
1218 365 1262 407 in
1296 366 1480 416 Christo,

67 447 162 503 quia
193 457 232 485 et
258 442 548 500 „sapicntia²)
577 443 668 499 ipsa
698 442 778 484 sibi
809 445 985 484 domum
1020 443 1293 493 aedificavit,“
1323 454 1363 483 et
1391 443 1482 498 ipsc

63 521 190 577 ‚,sc³)
221 521 455 563 humiliavit
483 536 616 575 usque
647 521 701 562 ad
731 526 964 561 mortem:“
1005 532 1046 561 ct
1084 520 1226 562 omnia
1267 536 1482 575 quaecun-

66 615 146 654 que
175 598 322 650 legeris
352 599 405 639 de
438 596 620 650 Christo,
651 614 741 639 non
772 598 1033 648 necessitate,
1073 599 1147 639 sed
1190 608 1342 653 sponte
1372 599 1480 638 facta

65 674 260 731 reperies.

177 754 214 795 7.
246 752 553 802 „perrexerunt
569 750 614 808 4)
647 767 744 803 ergo
777 752 920 801 ambo,
953 763 993 793 et
1018 753 1292 793 veneruntad
1321 753 1481 802 locum,

65 846 190 886 quem
208 830 365 871 dixerat
387 828 591 870 eiDeus.“
620 828 762 869 BIoses
785 845 880 869 cum
904 827 1078 870 venisset
1100 829 1154 870 ad
1175 829 1332 878 locum,
1354 845 1479 884 quem

66 906 246 949 ostendit
275 905 312 947 di
342 906 475 955 Deus,
503 922 594 946 non
625 904 887 960 permittitur
917 906 1186 954 adscendere,
1216 906 1290 947 sed
1316 917 1412 946 ante
1445 905 1481 945 ei

65 984 238 1025 dicitur:
279 983 479 1037 „solve5)
511 981 733 1034 corrigiam
767 981 1037 1024 calceamenti
1067 983 1120 1023 de
1149 982 1330 1037 pedibus
1360 980 1482 1023 tuis.“

63 1062 309 1103 Abrahamo
339 1059 446 1101 nihil
479 1059 634 1100 horum
669 1058 836 1109 dicitur,
865 1072 904 1100 et
936 1060 1072 1109 Isaac,
1101 1059 1175 1101 scd
1206 1058 1481 1106 adscendunt,

63 1155 142 1180 nec
173 1140 455 1179 calceamenta
487 1138 722 1192 deponunt.
789 1136 836 1177 In
871 1153 956 1192 quo
998 1136 1070 1177 illa
1101 1135 1287 1177 fortassis
1327 1146 1386 1175 cst
1414 1151 1482 1175 ra-

62 1215 136 1266 tio,
167 1216 284 1270 quod
315 1214 456 1255 Moses
488 1213 675 1269 quamvis
707 1226 809 1256 esset
830 1230 1016 1266 magnus,
1046 1225 1189 1253 tamen
1213 1213 1265 1253 dc
1288 1213 1481 1269 Aegypto

63 1292 270 1340 veniebat,
301 1303 338 1332 et
369 1302 488 1331 erant
517 1291 655 1346 aliqua
687 1290 951 1333 mortalitatis
988 1289 1153 1330 vincula
1184 1287 1364 1344 pedibus
1396 1287 1483 1345 ejus

63 1368 229 1411 innexa.
287 1369 505 1409 Abraham
535 1384 634 1409 vero
667 1380 706 1408 et
734 1367 852 1409 Isaac
884 1367 990 1408 nihil
1021 1367 1179 1407 horum
1209 1367 1379 1415 habent,
1408 1366 1483 1406 scd

63 1447 237 1487 veniunt
267 1447 320 1487 ad
350 1447 516 1495 locum,
562 1444 815 1498 aedificatss)
857 1445 1074 1485 Abraham
1106 1444 1257 1492 altare,
1299 1441 1485 1497 imponit

65 1522 176 1576 ligna
208 1538 335 1578 super
365 1524 506 1571 altare,
538 1521 707 1574 colligat
735 1536 930 1575 puerum,
963 1531 1187 1575 praeparat
1206 1535 1247 1559 se
1278 1519 1330 1558 ad
1361 1518 1483 1574 jugu-

66 1600 256 1641 landum.
315 1598 444 1639 Multi
475 1599 567 1639 estis
597 1609 735 1654 patres
765 1597 809 1637 in
842 1597 1014 1638 ccclesia
1045 1597 1142 1648 Dei,
1176 1595 1247 1651 qui
1276 1596 1378 1635 hacc
1410 1611 1484 1635 au-

67 1676 192 1718 distis.
250 1676 379 1716 Putas
410 1673 560 1730 aliquis
589 1686 772 1716 vestrum
805 1691 852 1715 ex
881 1675 971 1730 ipsa
1011 1673 1210 1714 historiae
1239 1671 1484 1712 narratione

66 1765 228 1795 tantum
265 1752 536 1802 constantiae,
565 1764 730 1793 tanturn
763 1751 893 1793 animi
919 1751 1054 1793 robur
1073 1749 1265 1806 acquirit,
1295 1760 1354 1797 ut,
1386 1764 1484 1788 cum

65 1831 176 1872 forte
207 1829 409 1871 amittitur
437 1827 548 1870 filius
578 1840 716 1869 morte
747 1828 989 1879 communi,
1030 1840 1069 1869 ct
1099 1827 1298 1869 omnibus
1330 1826 1486 1876 debita,

68 1907 228 1948 etiamsi
258 1908 310 1948 sit
348 1905 520 1955 unicus,
567 1905 728 1948 etiamsi
758 1907 809 1948 sit
849 1906 1052 1955 dilectus,
1102 1905 1284 1945 adducat
1321 1902 1402 1943 sibi
1440 1903 1484 1943 in

69 1985 306 2039 exemplum
339 1982 570 2032 Abraham,
604 1994 643 2023 et
672 1982 1059 2034 magnanimitatem
1090 1979 1177 2037 ejus
1207 1991 1304 2020 ante
1335 1979 1485 2019 oculos

67 2058 229 2116 ponat?
285 2059 340 2100 Et
370 2057 539 2114 quidem
576 2075 596 2099 a
627 2070 669 2099 tc
698 2076 788 2100 non
820 2058 994 2111 exigitur
1022 2057 1135 2098 istud
1166 2055 1295 2096 animi
1324 2054 1485 2107 magni-

68 2136 238 2186 tudinis,
268 2148 315 2176 ut
344 2136 433 2192 ipse
453 2135 594 2188 alliges
620 2136 874 2192 filiun1‚ipse
896 2134 1166 2186 constringas,
1194 2133 1282 2188 ipse
1299 2132 1485 2184 gladium

69 2230 212 2269 pares,
251 2211 341 2268 ipsc
378 2212 551 2253 unicum
592 2211 763 2269 jugules.
823 2213 940 2253 Haec
981 2210 1126 2251 omnia
1168 2227 1188 2250 a
1219 2221 1260 2250 tc
1290 2208 1485 2267 mysteria

71 2307 159 2331 non
202 2296 472 2345 quaeruntur.
553 2289 785 2346 Proposito
834 2290 978 2331 saltem
1033 2299 1074 2328 ct
1112 2298 1252 2328 mente
1291 2298 1486 2328 constans

36 2360 40 2362 .
74 2378 183 2417 csto,
227 2367 313 2408 fide
349 2368 453 2408 fixus
492 2368 622 2408 laetus
664 2368 772 2408 offer
801 2365 934 2407 filium
968 2364 1084 2408 Deo.
1154 2364 1256 2406 Esto
1287 2365 1485 2406 sacerdos

194 2576 236 2626 ¹)
268 2576 419 2617 Genes.
450 2575 590 2625 XXII,
620 2577 658 2620 8.
777 2576 821 2632 ²)
854 2575 977 2623 prov,
1010 2575 1084 2624 IX,
1116 2578 1153 2619 1.

191 2646 237 2700 3)
268 2646 452 2701 Philipp.
483 2646 536 2695 Π,
566 2646 604 2688 8.
726 2647 771 2702 4)
803 2648 955 2688 Genes.
985 2647 1125 2695 XXII,
1155 2643 1196 2688 8.
1225 2643 1262 2684 9.

195 2716 239 2769 5)
269 2715 404 2757 Exod.
436 2716 508 2764 Ill,
538 2719 576 2758 5.

193 2785 239 2840 ⁶)
271 2785 341 2826 Sic
372 2785 468 2827 Mss.
500 2786 613 2827 Alias
644 2788 702 2841 (v.
743 2804 787 2827 c.v
808 2788 851 2828 in
884 2787 978 2827 cdd.
1009 2787 1114 2834 M.):
1149 2783 1396 2837 „aedificant
1428 2783 1486 2825 al-

81 2854 187 2884 tare:
219 2842 431 2884 Abraham
462 2841 584 2898 ponit
613 2842 723 2896 ligna
753 2847 906 2900 supcr“
937 2855 1011 2885 etc.
1045 2842 1090 2884 R.
