1764 3096
247 76 332 120 246
845 70 1070 115 Omoems

248 188 352 244 ipsa,
383 200 492 242 quae
523 184 709 241 disputas
750 196 789 226 et
830 184 980 236 doceS,
1017 195 1163 227 nostra
1204 186 1448 244 eloquentia
1488 202 1559 233 est.
1615 191 1669 234 Et

246 275 390 305 movet
420 262 527 305 mihi
556 263 646 304 lites
676 263 788 304 velut
817 261 1062 305 Philistinus
1093 263 1281 318 quidam,
1311 264 1467 316 dicens,
1497 268 1595 323 quia
1624 266 1670 309 in

245 357 343 383 meo
374 342 468 383 solo
499 339 643 382 fodisti
673 350 873 396 puteum,
902 351 942 381 et
969 340 1181 381 videbitur
1217 341 1296 383 sibi
1332 342 1486 384 merito
1529 343 1668 386 vindi-

247 435 356 466 care,
390 432 498 473 quae
528 416 732 474 propriae
761 429 898 458 terrae
926 428 1035 459 sunt.
1079 418 1240 458 Verum
1274 420 1327 460 ad
1358 419 1462 461 haec
1494 436 1569 472 ego
1603 438 1670 462 re-

246 495 489 550 spondebo,
522 494 620 550 quia
651 495 781 536 habet
811 493 950 537 omnis
979 505 1089 535 terra
1111 510 1253 549 aquas,
1282 497 1357 537 sed
1387 497 1459 551 qui
1485 496 1669 539 Philisti-

246 587 324 612 nus
357 583 438 622 est,
481 582 521 611 et
550 583 717 614 terrena
747 571 876 628 sapit,
913 571 1045 612 nescit
1082 571 1127 611 in
1170 571 1290 613 omni
1328 584 1438 614 terra
1479 572 1670 615 invenire

246 663 415 702 aquam,
446 647 579 689 nescit
607 647 652 689 in
681 649 799 691 omni
831 649 972 690 anima
991 648 1169 690 inveniri
1188 648 1545 703 ¹)rationabilem
1575 668 1670 692 sen-

243 741 337 766 sum
369 735 409 765 et
436 725 663 777 imaginem
693 725 798 775 Dei,
827 728 959 769 nescit
987 727 1140 775 fidem,
1169 726 1392 782 pietatem,
1421 727 1669 780 religionem

243 818 369 857 posse
405 801 450 843 in
490 802 690 844 omnibus
734 802 925 844 inveniri.
1008 803 1126 858 Quid
1165 804 1243 845 tibi
1295 806 1470 860 prodest
1510 805 1669 847 habere

246 879 554 929 cruditionem,
600 891 639 921 et
675 879 836 921 nescire
877 896 924 922 ea
955 881 1038 931 uti,
1077 892 1117 922 et
1156 881 1314 923 habere
1342 898 1599 932 sermonem,
1630 894 1670 924 et

244 955 408 997 nescire
443 956 593 1011 loqui?
650 956 767 998 Istud
807 973 914 1013 opus
953 959 1131 1014 proprie
1167 975 1403 1014 puerorum
1440 959 1558 1000 Isaac
1598 970 1669 1008 est,

245 1031 318 1087 qui
358 1032 403 1072 in
443 1033 562 1073 omni
601 1043 710 1073 terra
761 1034 933 1074 fodiunt
970 1046 1121 1089 puteos
1161 1052 1294 1091 aquae
1333 1035 1470 1084 vivae,
1515 1034 1559 1077 id
1599 1047 1669 1085 est,

246 1108 367 1150 omni
406 1108 574 1149 animae
611 1110 789 1149 verbum
827 1109 912 1151 Dei
947 1111 1204 1166 loquuntur,
1243 1124 1283 1154 et
1320 1112 1543 1154 inveniunt
1579 1114 1670 1154 fru-

245 1197 372 1226 ctum.
445 1184 647 1240 Denique
685 1183 742 1227 vis
788 1185 953 1237 videre,
1005 1205 1116 1229 unus
1163 1203 1272 1242 puer
1319 1188 1436 1228 Isaac
1485 1200 1668 1244 quantos

239 1274 392 1318 puteos
421 1261 466 1303 in
498 1274 610 1304 terra
642 1261 972 1316 alienigenarum
1001 1263 1189 1306 foderit?
1231 1264 1340 1305 Vide
1369 1263 1566 1315 Paulum,
1597 1266 1669 1320 qui

241 1340 295 1380 ab
328 1339 593 1382 Hierusalem
623 1339 667 1381 in
711 1340 889 1383 circuitu
932 1357 1067 1397 usque
1100 1343 1155 1383 ad
1182 1341 1399 1400 Illyricum
1430 1342 1669 1398 replevit2)

240 1416 519 1469 Evangelium
550 1417 646 1458 Dei.
706 1416 794 1459 Sed
823 1434 901 1474 per
938 1418 1124 1472 singulos
1161 1417 1262 1460 istos
1291 1430 1442 1474 puteos
1471 1435 1671 1474 persecu-

239 1495 377 1537 tiones
416 1511 562 1549 passus
601 1506 663 1537 est
697 1494 1036 1537 philistinorum.
1105 1496 1220 1538 Audi
1255 1496 1396 1552 ipsum
1436 1496 1668 1537 dicentem:

241 1571 489 1627 „quanta3)
531 1570 638 1614 mihi
684 1572 932 1614 acciderunt
973 1572 1197 1629 Iconii,4)
1263 1572 1471 1632 Lystris‚“
1511 1584 1668 1629 quanta

241 1647 287 1689 in
329 1647 534 1705 Epheso?
609 1648 790 1703 Quoties
839 1666 981 1692 caesus
1022 1662 1063 1691 et
1110 1651 1273 1706 quoties
1319 1650 1530 1706 lapidatus
1582 1648 1669 1691 est?

244 1723 425 1778 Quoties
463 1725 665 1781 pugnavit
715 1728 770 1768 ad
818 1725 999 1769 bestias?
1042 1728 1117 1768 sed
1160 1726 1395 1783 permansit
1441 1744 1665 1783 usquequo

242 1802 371 1842 exiret
414 1803 469 1843 ad
516 1802 807 1853 latitudinem,
853 1803 899 1845 id
941 1815 1022 1854 est,
1069 1820 1292 1860 usquequo
1331 1803 1376 1844 in
1424 1804 1552 1845 totius
1593 1820 1664 1844 or—

239 1878 305 1920 bis
350 1889 486 1920 terrae
531 1879 813 1934 latitudine-¹³)
869 1881 1060 1923 ecclesias
1106 1883 1348 1923 collocaret.
1436 1881 1508 1922 Sic
1563 1897 1661 1933 ergo

239 1954 371 2011 putei,
401 1972 508 2011 quos
537 1955 649 1997 fodit
677 1956 918 2007 Abraham,
947 1956 993 1998 id
1025 1969 1102 2007 est,
1143 1956 1390 2013 Scripturae
1426 1956 1574 1999 veteris
1603 1968 1666 1998 te-

240 2033 460 2083 stamenti,
497 2032 649 2089 repleti
677 2045 775 2075 sunt
815 2044 926 2074 terra
957 2050 980 2075 a
1010 2032 1263 2083 philistinis,
1305 2032 1390 2076 sive
1428 2031 1514 2090 a6)
1544 2033 1665 2075 malis

243 2110 514 2161 doctoribus,
551 2110 724 2160 scribis,
757 2122 796 2152 et
825 2110 1083 2161 pharisaeis,
1128 2110 1215 2152 sive
1253 2111 1379 2152 etiam
1418 2110 1664 2151 adversariis

241 2186 542 2243 potestatibus:
583 2199 623 2229 et
663 2188 886 2229 obturatae
921 2199 1019 2230 sunt
1059 2204 1209 2230 eorum
1238 2203 1396 2237 venae,
1426 2204 1482 2228 ne
1510 2199 1663 2243 potum

239 2265 476 2320 praebeant
503 2264 579 2314 his,
609 2263 683 2320 qui
715 2280 764 2305 ex
793 2264 1012 2306 Abraham
1042 2276 1152 2308 sunt.
1199 2265 1301 2305 Non
1331 2263 1444 2305 enim
1474 2265 1662 2320 populus

241 2340 313 2381 ille
346 2341 495 2383 bibere
531 2353 670 2397 potest
711 2342 764 2381 de
803 2341 1046 2397 scripturis,
1091 2341 1163 2384 sed
1202 2340 1313 2383 sitim
1350 2341 1509 2398 patitur
1544 2341 1661 2383 verbi

357 2500 401 2556 ¹)
432 2501 547 2544 Alias
584 2502 645 2567 (v.
685 2518 719 2543 c
758 2501 802 2543 in
834 2503 929 2544 edd.
962 2500 1068 2558 M.:)
1110 2502 1325 2551 „invenire
1355 2501 1655 2544 rationabilem

239 2573 405 2600 sensum
428 2558 512 2599 ad
500 2557 728 2611 lmaginem
753 2557 849 2600 Dei.
853 2563 876 2582 “
934 2560 992 2599 At
1011 2560 1115 2601 Mss.
1134 2569 1182 2599 ut
1205 2559 1250 2601 in
1281 2571 1431 2601 nostxo
1450 2570 1574 2602 textu.
1608 2559 1656 2600 R.

360 2627 406 2683 ²)
436 2627 561 2669 Rom.
591 2628 688 2678 XV,
718 2628 783 2672 19.
950 2628 997 2683 ³)
1027 2628 1066 2668 ΙΙ
1097 2627 1208 2670 Tim.
1239 2628 1313 2680 III,
1342 2629 1408 2673 11.

358 2698 404 2751 ὅ)
433 2697 543 2739 Edd.
573 2697 770 2740 Merlini:
801 2697 965 2748 Iconi0‚
994 2698 1138 2744 Listris
1168 2711 1242 2742 etc.

360 2767 404 2820 ⁵)
434 2767 546 2809 Edd.
574 2766 767 2809 Merlini:
798 2768 1077 2811 latitudinem.

356 2835 404 2889 ⁶)
433 2837 562 2882 Deest
590 2843 667 2892 „a“
693 2838 738 2881 in
770 2839 866 2882 edd.
896 2837 957 2880 M.
