1764 3096
240 82 325 127 248
845 79 1067 122 cummis

244 194 576 252 uniuscujusque
604 202 800 234 nostrum
832 191 971 233 anima
1003 205 1061 234 est
1091 202 1240 247 puteus
1270 207 1403 248 aquae
1432 193 1566 242 vivae,
1605 207 1663 236 est

246 272 420 328 quidam
463 268 652 312 coelestis
693 285 858 318 sensus,
901 280 941 310 et
980 269 1119 320 imago
1164 268 1248 310 Dei
1275 268 1430 322 latens,
1475 280 1515 310 et
1552 269 1693 331 huncx
1748 288 1750 293 ·

245 361 421 404 puteum
459 345 692 397 philistini,
722 345 879 395 idmst,
917 357 1141 402 potestates
1173 346 1370 388 adversae
1400 347 1668 402 repleverunt

248 439 368 467 teri-a.
430 423 560 479 Quali
589 421 730 463 terra?
793 421 1044 465 Carnalibus
1076 422 1288 472 sensibus,
1321 434 1360 464 et
1389 421 1561 465 terrenis
1593 439 1665 463 co·

248 501 544 553 gitationibus,
595 509 635 539 et
674 511 902 554 propterea
942 500 1199 557 portavimus
1241 498 1468 551 imaginem
1498 497 1667 540 terreni.

250 578 373 619 Tunc
407 592 504 628 ergo
538 593 636 617 cum
676 588 940 631 portaremus
982 578 1207 629 imaginem
1238 576 1413 625 terreni,
1456 574 1667 617 philistini

247 653 516 708 repleverunt
542 663 654 696 terra
683 665 833 709 puteos
863 665 1042 696 nostros.
1087 650 1184 695 'Sed
1214 671 1329 695 nunc
1361 652 1566 709 quonlam
1597 667 1664 691 ve—

247 732 308 772 nit
337 741 481 771 noster
511 730 637 781 Isaac,
666 731 940 786 suscipiamus
972 730 1058 787 ejus
1093 732 1343 780 adventum,
1386 742 1425 771 et
1455 728 1669 770 fodiamus

246 819 397 862 puteos
423 817 617 856 nostros,
665 820 704 849 et
747 806 995 863 abjiciamus
1035 810 1087 849 ab
1130 806 1179 848 iis
1218 819 1397 848 terram:
1439 821 1668 862 purgemus

249 900 319 925 eos
352 884 404 924 ab
438 883 637 926 omuibus
666 884 890 933 sordibus,
935 897 973 926 et
1004 903 1026 926 a
1059 883 1217 926 cunctis
1249 881 1574 936 cogitationibus
1603 883 1671 922 lu-

248 961 324 1002 teis
358 973 396 1002 et
425 959 613 1008 terrenis,
644 973 683 1002 et
699 960 960 1003 inveniemus
979 961 1022 1002 in
1048 961 1096 1002 iis
1122 978 1275 1017 aquam
1297 961 1445 1009 vivam,
1474 959 1605 1008 illam,
1627 957 1668 1013 ¹)

249 1039 301 1077 de
333 1053 416 1091 qua
448 1036 548 1077 dicit
578 1036 814 1078 Dominus:
843 1037 1003 1092 ,‚qui²)
1037 1039 1169 1079 credit
1200 1037 1242 1078 in
1273 1055 1364 1087 me,
1408 1036 1583 1076 flumina
1618 1036 1670 1076 de

249 1125 391 1154 ventre
422 1111 571 1169 ejus3)
604 1113 735 1153 fiuent
765 1130 899 1168 aquae
928 1113 1084 1154 vivae.“
1143 1115 1267 1162 Vide,
1302 1125 1456 1169 quanta
1485 1112 1535 1154 sit
1563 1112 1670 1153 libe-

247 1191 388 1232 ralitas
419 1188 614 1231 Domini.
683 1188 842 1231 Puteos
888 1191 1156 1245 repleverunt
1195 1189 1428 1238 Philistini‚
1470 1200 1509 1229 et
1547 1205 1669 1230 venas

247 1267 375 1308 nobis
408 1281 617 1322 aquarum
649 1266 770 1307 exiles
803 1278 842 1306 et
872 1278 1019 1308 tenues
1050 1266 1306 1316 inviderunt,
1339 1277 1379 1306 et
1401 1264 1561 1321 probis
1591 1280 1671 1306 no-

247 1339 310 1386 bi's
343 1345 481 1384 fontes
513 1343 754 1383 redduntur
784 1355 822 1383 et
852 1344 1041 1384 flumina.

359 1422 398 1461 4.
430 1420 476 1461 Si
509 1436 608 1471 ergo
641 1431 678 1460 et
709 1437 780 1461 vos
809 1421 939 1462 hodie
969 1421 1072 1462 haec
1118 1419 1544 1462 audientes*f1deliter
1573 1435 1671 1475 per-

249 1496 410 1552 cipiatis
441 1498 647 1547 auditum,
679 1509 881 1553 operatur
913 1509 951 1538 et
980 1497 1024 1539 in
1057 1497 1177 1539 vobis
1200 1498 1328 1547 Isaac,
1357 1508 1510 1552 purgat
1541 1497 1671 1537 corda

249 1585 382 1615 vestra
414 1590 436 1614 a
466 1575 641 1616 terrenis
671 1574 874 1624 sensibus,
912 1587 953 1616 ct
982 1574 1168 1616 videntes
1199 1575 1302 1615 haec
1331 1586 1446 1615 tanta
1477 1574 1672 1631 mysteria

246 1651 291 1691 in
322 1650 537 1705 scripturis
572 1650 722 1692 divinis
756 1667 841 1692 esse
872 1652 1066 1701 latentia,
1106 1650 1335 1707 proficietis
1351 1650 1396 1706 ⁴)
1435 1650 1478 1691 in
1507 1651 1672 1691 intelle-

249 1738 330 1776 ctu,
362 1738 402 1768 et
431 1727 659 1783 proficietis
689 1727 732 1768 in
751 1727 1035 1783 spiritualibus
1059 1728 1259 1769 sensibus.
1316 1727 1526 1784 Incipietis
1545 1727 1669 1768 etiam

246 1803 326 1860 ipsi
358 1819 443 1846 esse
473 1805 693 1853 doctores,
738 1815 777 1845 et
815 1807 1054 1861 procedent
1093 1821 1139 1846 ex
1180 1803 1300 1845 vobis
1329 1803 1504 1844 flumina
1538 1819 1673 1859 aquae

248 1881 375 1922 vivae.
437 1882 567 1922 Adest
598 1881 934 1923 enimverbum
964 1881 1071 1931 Dei,
1118 1893 1158 1922 et
1196 1882 1300 1921 haec
1339 1897 1455 1921 nunc
1494 1878 1582 1935 ejus
1614 1892 1672 1921 est

251 1957 471 2013 operatio,
518 1969 564 1998 ut
603 1959 656 1998 de
695 1959 833 2000 anima
875 1957 1206 2015 uniuscujusque
1234 1969 1426 1999 nostrum
1458 1969 1673 1998 removeat

249 2047 420 2085 terram,
453 2046 492 2075 et
523 2035 684 2090 aperiat
712 2037 877 2076 fontem
907 2034 1060 2076 vivum.
1132 2035 1243 2076 Intra
1282 2045 1323 2075 te
1362 2033 1474 2074 enim
1508 2045 1589 2084 est,
1635 2046 1674 2075 et

247 2128 338 2152 non
370 2112 621 2154 extrinsecus
656 2112 786 2162 venit,
831 2112 938 2153 sicut
978 2123 1017 2152 et
1053 2126 1230 2163 regnum
1259 2111 1343 2152 Dei
1380 2111 1493 2151 int'ra
1523 2122 1564 2152 te
1597 2122 1670 2152 est.

247 2188 304 2229 Et
323 2189 475 2229 mulier
499 2189 584 2238 illa,
599 2188 643 2243 5)
676 2205 785 2243 quae
800 2187 1043 2244 perdiderat
1065 2190 1329 2239 drachmam,
1348 2205 1437 2229 non
1457 2187 1573 2229 illam
1602 2189 1667 2229 in-

364 2363 409 2418 ¹)
443 2364 553 2404 Alias
585 2362 644 2415 (v.
676 2379 708 2402 c.
737 2362 778 2402 in
812 2364 906 2403 edd.
938 2362 1042 2417 Μ.);
1074 2363 1217 2411 „issam
1237 2395 1246 2413 ,
1280 2380 1406 2419 quam
1440 2363 1564 2405 dicit“
1596 2375 1668 2406 etc.

248 2419 369 2461 Mss.:
399 2419 554 2470 „illam,
585 2420 639 2459 de
668 2436 750 2474 qua
783 2420 910 2461 dicit“
941 2432 1015 2460 etc.
1054 2420 1102 2460 R.

361 2488 406 2543 2)
438 2489 514 2530 Ev.
543 2492 700 2532 Joann.
731 2488 823 2537 VII,
852 2489 919 2531 38.
951 2491 1046 2531 coll.
1079 2489 1199 2533 Jesai.
1230 2488 1375 2539 LVIII,
1408 2491 1474 2534 11.

365 2558 411 2613 3)
441 2559 552 2599 Edd.
582 2558 780 2600 Merlini:
813 2557 862 2599 ei.

363 2628 410 2682 ⁸)
441 2627 554 2670 Alia‘s
583 2628 646 2684 (v.
677 2646 709 2670 c.
740 2629 784 2669 in
814 2629 909 2670 edd.
940 2628 1046 2683 M.):
1089 2627 1320 2685 „proficitis
1363 2628 1408 2670 in
1437 2629 1667 2681 intellectu,

250 2696 290 2749 et
318 2684 654 2782 p'mfflstis‘izetc·
685 2684 805 2727 Mssa
836 2684 1090 2741 „proficietis
1121 2688 1165 2727 in
1192 2685 1431 2736 intellectu,
1464 2698 1504 2727 et
1532 2690 1665 2745 profi-

256 2746 396 2782 cieus“
429 2753 504 2782 etc.
577 2774 586 2783 .

365 2810 410 2865 5>
443 2810 530 2852 err.
563 2812 661 2854 Luc.
696 2810 789 2862 xv,
818 2811 854 2854 8.
