1764 3096
269 116 354 159 266
874 109 1095 153 Oxum—:ms

269 228 505 284 sepultores
534 224 713 284 Aegypti
733 223 775 281 ¹)
805 241 895 266 non
924 225 1087 274 Jacob,
1131 224 1204 266 sed
1235 222 1387 274 Israel,
1427 225 1595 276 grandis
1627 227 1685 268 vi-

270 307 396 346 detur
426 304 632 361 quaestio.
689 303 773 344 Sed
807 318 884 354 ego
917 303 1123 352 arbitror,
1170 303 1289 357 quod
1326 302 1500 344 illorum
1530 303 1574 345 in
1605 304 1689 345 hoc

270 382 414 423 vitium
445 394 694 438 exponatur,
725 380 877 437 quibus
906 397 986 436 pro
1020 397 1092 430 eo,
1132 381 1250 434 quod
1283 396 1430 421 exosus
1462 391 1522 421 est
1553 380 1690 422 omnis

268 459 503 500 intellectus
543 461 785 506 bonorum,
835 469 874 500 et
914 459 1052 500 omnis
1093 457 1349 514 perspicacia
1390 457 1689 508 intelligentiae

270 537 471 586 coelestis,
502 537 628 577 Israel
667 536 720 576 ab
753 535 800 576 iis
830 536 999 592 sepeliri
1031 535 1217 576 dicatur:
1260 535 1357 590 quia
1389 535 1504 590 apud
1535 533 1689 590 impios

267 612 403 653 sancti
433 612 591 653 mortui
622 624 731 662 sunt,
764 625 802 654 et
829 614 993 670 sepulti.
1053 602 1169 653 llaec
1188 612 1227 652 in
1251 610 1458 667 quantum
1484 613 1538 653 ad
1566 628 1689 667 prae-

265 705 357 731 sens
390 706 616 731 occurrere
646 689 785 746 potuit
816 692 869 732 de
901 691 1138 732 differentia
1169 690 1321 738 Jacob,
1354 701 1394 730 et
1426 689 1566 739 Israel,
1599 704 1689 729 me·-

266 779 430 808 morata
458 766 541 808 sint
570 767 708 809 nobis.

378 846 418 886 5.
455 845 644 897 Dignum
674 862 775 887 sane
805 858 900 902 post
930 847 1033 888 haec
1066 846 1230 887 videtur
1262 843 1430 892 intueri,
1462 855 1501 884 et
1520 841 1691 899 prospi-

268 939 374 971 cere,
408 938 515 977 quae
546 924 599 962 ad
641 921 779 977 ipsum
812 923 929 963 Deus
962 925 1182 979 loquatur,
1229 936 1269 963 et
1306 922 1532 978 quomodo
1577 937 1688 969 eum,

267 1001 378 1040 velut
409 1000 459 1040 ad
492 1000 700 1054 quosdam
732 1017 886 1051 agones
925 1001 1265 1055 proficiscentem
1300 1000 1611 1046 corroborans,
1649 1008 1690 1037 et

266 1077 517 1123 cohortans,
561 1076 698 1116 mittat
736 1078 788 1116 ad
820 1079 1069 1134 Aegyptum.
1150 1078 1219 1118 Ait
1260 1077 1392 1118 enim:
1424 1075 1605 1130 ,‚noli²)
1637 1074 1688 1116 ti-

263 1170 380 1194 mere
412 1153 668 1194 descendere
699 1152 742 1192 in
775 1153 1062 1210 Aegyptum:“
1093 1154 1175 1194 hoc
1207 1166 1265 1195 est
1298 1155 1458 1195 dicere:
1492 1170 1687 1205 congres-

262 1248 383 1271 surus
414 1231 610 1270 adversus
640 1229 902 1285 principatus
935 1242 974 1270 et
993 1242 1230 1285 potestates,
1263 1242 1302 1271 et
1319 1233 1515 1271 adversus
1537 1229 1689 1270 mundi

261 1307 400 1365 hujus,
432 1332 482 1339 —-
516 1307 588 1363 qui
623 1306 855 1358 figuraliter
885 1310 1093 1365 Aegyptus
1137 1309 1379 1363 appellatur
1408 1331 1473 1356 —-,
1505 1318 1689 1347 rectores

261 1387 537 1426 tenebrarum
568 1386 734 1434 harum,
765 1385 855 1426 noli
889 1386 1049 1434 timere,
1080 1385 1172 1426 noli
1206 1385 1432 1440 trepidare.
1492 1384 1626 1438 Quod
1655 1383 1690 1425 si

262 1475 300 1503 et
331 1479 499 1503 causam
533 1462 637 1503 scire
667 1463 747 1512 vis,
790 1462 923 1516 ειη-3)
954 1464 1104 1504 timere
1134 1480 1224 1503 non
1256 1464 1422 1511 debeas,
1453 1462 1553 1503 audi
1584 1479 1688 1517 pro-

260 1539 504 1582 missionem
535 1557 698 1581 meam:
729 1541 798 1590 „in
817 1540 862 1595 4)
893 1553 1059 1594 gentem
1091 1540 1204 1582 enim
1235 1556 1432 1592 magnam
1462 1540 1615 1581 faciam
1647 1551 1688 1580 te

260 1617 333 1666 ibi,
365 1630 404 1658 et
435 1619 687 1659 descendam
720 1629 861 1659 tecum
892 1619 936 1659 iu
965 1621 1214 1676 Aegyptum,
1248 1631 1287 1660 et
1306 1635 1382 1671 ego
1404 1631 1443 1660 te
1472 1620 1684 1659 revocabo

260 1696 362 1736 inde
391 1695 434 1735 in
469 1696 638 1735 finem.“
684 1697 783 1736 Non
817 1713 916 1748 ergo
937 1695 1055 1736 timet
1080 1698 1336 1738 descendere
1366 1698 1407 1737 in
1433 1699 1684 1753 Aegyptum,

261 1790 352 1814 nou
383 1774 504 1814 timet
534 1789 687 1826 agones
727 1771 851 1828 hujus
882 1773 1055 1822 mundi,
1101 1786 1140 1815 et
1180 1773 1473 1815 obsistentium
1505 1775 1684 1814 daemo-

258 1869 364 1891 num
394 1851 537 1892 subire
580 1851 830 1900 certamina,
876 1868 972 1891 cum
1014 1868 1100 1906 quo
1139 1851 1182 1892 in
1226 1867 1379 1904 agones
1421 1851 1687 1893 descenderit

257 1929 388 1969 Deus.
450 1928 651 1984 Denique
683 1927 783 1969 audi
806 1929 1064 1984 Apostolum
1087 1928 1268 1969 Paulum
1300 1929 1534 1969 dicentem:
1565 1944 1683 1976 „arn-

260 2007 383 2062 plius,
403 2006 446 2060 ⁵)
477 2005 628 2062 inquit,
660 2022 734 2057 ego
765 2022 892 2061 quam
925 2022 1073 2046 omnes
1105 2007 1164 2046 illi
1184 2005 1388 2055 laboravi,
1417 2022 1506 2046 non
1543 2017 1682 2044 antem

259 2100 349 2135 ego,
378 2085 452 2125 sed
482 2084 611 2135 gratia
645 2083 726 2124 Dei
758 2089 967 2124 mecum.“
1026 2084 1113 2124 Sed
1143 2101 1240 2124 cum
1268 2067 1575 2140 Hierosolymis
1607 2083 1684 2122 ad-

255 2178 396 2202 versus
437 2178 535 2203 eum
576 2173 792 2202 commota
829 2161 970 2202 suisset
998 2162 1170 2211 seditio,
1213 2174 1252 2202 et
1288 2177 1469 2213 agonem
1501 2159 1681 2201 clarissi-

256 2256 375 2279 mum
406 2255 485 2293 pro
519 2240 669 2288 verbo,
702 2250 741 2279 et
772 2239 1088 2294 praedicatione
1121 2239 1299 2281 Domini
1330 2239 1575 2285 desudaret,
1606 2239 1681 2277 ad-

254 2316 356 2357 stitit
387 2315 423 2356 ei
453 2316 682 2364 Dominus,
717 2328 755 2355 et
786 2316 886 2356 dixit
919 2319 1080 2365 eadem,
1112 2334 1221 2372 quae
1250 2333 1363 2358 nunc
1395 2315 1596 2356 dicuntur
1625 2317 1679 2355 ad

255 2393 404 2434 Israel:
437 2394 628 2447 „noli,⁶)
659 2393 805 2449 inquit,
836 2393 984 2435 timere
1016 2395 1173 2444 Paule,
1205 2393 1314 2449 quia,
1343 2393 1452 2434 sicut
1482 2392 1680 2434 testifica-

254 2482 319 2512 tus
351 2487 391 2511 es
422 2471 475 2511 de
504 2486 575 2510 me
607 2470 932 2531 Hierosolymis,
972 2471 1027 2513 ita
1065 2483 1107 2512 te
1147 2483 1318 2527 oportet
1349 2483 1389 2512 et
1418 2470 1585 2512 Romae
1616 2481 1677 2510 te·

369 2668 412 2723 ¹)
444 2668 553 2711 Edd.
584 2668 781 2710 Merlini:
812 2668 1016 2728 Aegyptii.

367 2739 413 2791 ²)
447 2739 599 2780 Geues.
632 2739 782 2788 XLVI,
812 2741 850 2782 3.
969 2739 1017 2796 3)
1047 2739 1160 2781 Edd.
1191 2739 1385 2780 Merlini:
1421 2737 1531 2793 quia.

365 2808 411 2862 ⁴²)
445 2809 597 2851 Genes.
627 2810 778 2858 XLVI,
806 2809 845 2851 3.
875 2810 913 2852 4.
1033 2810 1079 2864 5)
1110 2810 1128 2850 I
1161 2809 1260 2853 Cor.
1292 2809 1387 2858 XV,
1418 2810 1484 2852 10.

364 2877 410 2934 ὁ)
443 2880 533 2920 Act.
564 2879 726 2930 XXllI,
757 2881 820 2925 11.
