1764 3096
281 59 365 104 128
885 58 1104 102 Omoems

279 174 475 225 efficitur,
506 189 583 230 per
613 187 739 229 quam
774 171 1046 228 reprimimus
1074 181 1321 228 peccatum,
1348 169 1549 229 justitiam
1577 189 1701 231 repa-

279 269 437 296 ramus.
495 251 550 292 Εἰ
579 266 634 291 ne
655 250 730 292 tihi
761 249 980 290 videamur
1009 250 1113 291 haec
1144 251 1196 290 de
1214 260 1360 291 nostro
1389 249 1533 305 potius
1563 266 1702 302 sensu,

282 345 411 385 quam
443 328 555 384 de¹)
600 328 767 369 divinae
805 327 1037 382 scripturae
1077 327 1325 368 auctoritate
1353 328 1572 382 proferre,
1609 327 1702 369 redi

281 408 337 448 ad
366 406 526 447 librum
557 406 864 453 Numerorum,
894 415 932 444 et
961 406 1201 453 recordare,
1234 402 1336 458 quid
1365 403 1492 455 egerit
1520 404 1703 446 Phinces

280 485 495 534 sacerdos,
521 482 595 538 qui
625 498 722 521 cum
752 479 1124 534 Madianiticae2)
1149 481 1277 532 gentis
1307 481 1571 523 meretricem
1604 497 1704 522 cum

278 561 467 602 Israelita
505 559 596 600 viro
639 559 716 599 sub
750 557 883 599 oculis
924 559 1117 599 omnium
1148 557 1328 613 impuris
1357 558 1525 600 vidisset
1553 557 1702 599 inhae-

280 654 374 678 rere
408 637 722 693 complexibus,
757 635 819 676 ira
851 635 1018 677 divinae
1047 633 1343 676 aemulationis
1374 635 1594 691 impletus»,
1635 651 1703 678 ar·-

281 725 454 770 reptum
470 713 516 768 3)
565 713 752 766 gladium
792 730 870 768 per
908 712 1128 768 utriusque
1164 723 1311 767 pectus
1351 711 1492 764 exegit.
1569 711 1706 766 Quod

283 808 393 848 opus
424 803 664 847 reputatum
697 803 758 832 est
800 790 836 831 ei
877 807 899 831 a
931 790 1027 831 Deo
1069 791 1123 830 ad
1153 789 1372 847 justitiam,
1414 790 1579 831 dicente
1606 789 1704 831 Do-

282 871 426 911 mino:
457 868 668 918 „Phinees
683 866 728 924 ⁴)
759 867 918 909 sedavit
947 869 1138 909 furorem
1170 884 1336 917 meum,
1368 876 1408 908 ct
1437 865 1706 922 reputabitur

284 947 322 987 ei
353 948 407 987 ad
435 945 678 1004 justitiam.“
736 946 816 986 Iste
848 960 945 996 ergo
980 946 1097 986 cibus
1128 944 1216 984 irae
1252 955 1445 985 terrenus
1481 955 1626 985 noster
1654 944 1703 984 fit

283 1023 416 1073 cibus,
448 1040 544 1064 cum
575 1037 628 1064 eo
659 1021 969 1062 rationabiliter
997 1021 1159 1062 utimur
1187 1022 1240 1062 ad
1259 1019 1470 1078 justitiam.
1526 1021 1574 1063 Si
1602 1036 1704 1062 vero

282 1098 629 1141 irrationabiliter
668 1110 813 1150 agatur
841 1099 922 1148 ira,
967 1111 1039 1140 aut
1075 1099 1324 1141 innocentes
1363 1098 1533 1154 puniat,
1573 1109 1644 1138 aut
1660 1096 1707 1152 ⁵)

285 1180 528 1219 effervescat
555 1175 599 1216 in
631 1192 716 1226 eos,
747 1174 819 1231 qui
848 1175 957 1216 nihil
989 1175 1256 1230 delinquunt,
1285 1174 1361 1215 iste
1379 1175 1497 1215 cibus
1529 1175 1608 1216 erit
1628 1175 1706 1215 be-

283 1255 458 1296 stiarum
489 1253 586 1304 agri,
618 1263 658 1292 et
679 1263 925 1307 serpentum
954 1263 1104 1300 terrae,
1137 1262 1176 1291 et
1205 1252 1429 1291 volucrum
1463 1250 1584 1292 coeli.
1630 1250 1708 1291 His

284 1331 441 1372 etenim
472 1332 701 1371 daemones
729 1330 977 1369 nutriuntur
1007 1327 1131 1378 cibis,
1171 1326 1245 1383 qui
1274 1327 1395 1368 malis
1422 1326 1575 1369 nostriS
1605 1326 1709 1369 acti-

281 1411 362 1450 bus
396 1419 436 1449 et
463 1418 708 1464 pascuntur,
740 1418 779 1447 et
806 1408 959 1447 favent.
1033 1404 1248 1446 Indicium
1277 1421 1466 1461 namque
1495 1416 1554 1446 est
1582 1403 1709 1462 hujus

286 1485 426 1540 operis
459 1484 579 1534 Cain,
613 1484 685 1539 qui
714 1484 992 1525 innocentem
1021 1484 1194 1524 fratrem
1224 1481 1288 1523 ira
1317 1481 1485 1538 decepit
1513 1482 1709 1524 invidiae.

287 1563 491 1604 Similiter
522 1562 647 1602 etiam
679 1562 732 1601 de
763 1559 1120 1616 concupiscentia,
1151 1571 1190 1601 et
1223 1561 1276 1601 de
1305 1560 1477 1611 singulis
1508 1557 1705 1616 hujusce-

285 1639 408 1681 modi
437 1638 659 1680 affectibus
696 1637 968 1680 sentiendum
999 1649 1067 1678 est.
1137 1636 1249 1679 Cum
1289 1636 1402 1679 enim
1444 1634 1711 1692 concupiscit

406 1799 450 1854 ¹)
479 1785 758 1839 Desideratur
788 1798 893 1847 ‚,de“
923 1797 969 1838 in
1001 1798 1097 1839 edd.
1129 1797 1189 1838 M.

401 1869 450 1922 2)
479 1868 592 1909 Edd.
623 1867 820 1908 Merlini:
851 1867 1125 1909 Madianitae.

405 1936 452 1992 3)
482 1937 543 1979 Ita
568 1936 708 1978 Codd.
738 1937 870 1977 sancti
893 1937 1170 1987 Theoderici,
1203 1938 1290 1978 duo
1317 1936 1604 1987 Tmonenses,
1623 1934 1708 1976 Re-

286 1995 507 2048 migianus,
539 2005 578 2034 et
605 1993 885 2034 Belvacensis.
917 1994 1168 2035 Secundum
1206 1994 1316 2034 hanc
1346 1993 1577 2033 lectionem
1609 1991 1710 2032 Ori-

285 2069 412 2107 genes
441 2062 609 2106 putasse
651 2052 887 2091 censendus
919 2051 995 2091 erit
1024 2050 1230 2092 Phineem
1259 2050 1446 2101 gladium
1478 2065 1602 2089 suum
1631 2064 1710 2104 per
1762 2055 1764 2060 '

284 2109 364 2151 viri
384 2107 597 2148 Israelitae
628 2118 667 2146 et
696 2107 884 2147 mulie1is
914 2106 1205 2149 Madianitidis
1236 2118 1380 2162 pectus
1413 2104 1604 2157 exegisse,
1633 2105 1710 2145 sed
1761 2134 1764 2142 2

286 2166 467 2215 Vulgata
497 2163 553 2203 ait
581 2163 697 2217 ipsos
730 2163 775 2203 in
805 2162 912 2203 locis
930 2163 1179 2213 genitalibus
1206 2164 1426 2203 transfixos
1454 2162 1601 2227 fuisse;
1630 2161 1708 2201 Se·-

286 2219 506 2278 ptuaginta
535 2235 656 2259 vero:
689 2221 766 2260 καὶ
797 2217 1098 2288 (ἶπεκεντησεν
1119 2218 1438 2286 ἀμφοτέοους,
1454 2213 1535 2260 τόν
1556 2232 1601 2260 τε
1622 2231 1710 2259 ιιν-
1757 2265 1760 2270 .

287 2285 496 2334 θρωπον,
529 2277 608 2317 καὶ
635 2272 718 2328 τὴν
744 2280 942 2330 γυναῖκα
972 2273 1048 2317 δια
1079 2278 1154 2329 τῆς
1182 2272 1355 2333 μήτοας
1384 2271 1536 2327 αὐτῆς.
1598 2271 1710 2314 Cod.
1753 2289 1762 2326 ⁴:

290 2320 598 2375 Gemeticensis
629 2332 1051 2386 habet:„a1reptum
1081 2333 1266 2382 gladium
1297 2347 1376 2386 per
1392 2330 1614 2384 utriusque
1641 2344 1708 2370 se-
1762 2350 1764 2367 :

288 2408 364 2432 xus
393 2391 601 2430 ultionem
633 2387 802 2438 exe01t“
868 2388 988 2428 Libri
1028 2399 1150 2428 :ntea
1180 2388 1281 2428 editi
1309 2388 1374 2443 (v.
1406 2402 1440 2428 e.
1472 2388 1566 2427 edd.
1597 2384 1710 2441 M.:>

288 2457 530 2500 „alreptum
567 2444 750 2497 gladium
783 2459 860 2496 per
889 2445 1109 2499 utriusque
1125 2458 1271 2508 pectus
1311 2444 1533 2484 exereustf‘
1590 2442 1709 2483 Infra
1755 2473 1758 2479 .

291 2504 495 2555 Origenes
525 2501 703 2541 homilia
730 2500 828 2540 XX.
858 2517 904 2541 m
942 2501 1156 2541 Nummos
1191 2500 1268 2542 ait:
1307 2511 1457 2555 „rapto
1488 2498 1708 2540 siromaste

287 2561 335 2601 in
363 2575 492 2600 manu
522 2574 597 2599 sua
624 2558 829 2607 ingressus
869 2556 921 2607 sit
948 2557 1260 2611 prostibulum,
1304 2569 1343 2598 ct
1372 2568 1601 2609 utrumque
1630 2569 1747 2610 per

1759 2507 1764 2536 Ι

289 2616 379 2671 ipsa
418 2615 622 2670 pudenda
658 2613 970 2654 transfoder1t“
1008 2613 1055 2653 In.
1099 2639 1150 2647 —
1194 2613 1280 2656 Cfr.
1317 2615 1444 2655 Num.
1483 2612 1623 2662 XXV,
1663 2609 1705 2657 8
1746 2583 1764 2655 tl

292 2674 387 2714 ⁶⁰¹¹
409 2674 462 2794 47)
488 2740 574 2781 Csr.
605 2740 782 2781 Numer.
809 2738 947 2790 XXV,
980 2740 1045 2782 11.
1074 2740 1139 2784 12.

410 2810 454 2865 ⁵>
484 2810 591 2852 Edd.
624 2808 818 2851 Merlini:
850 2822 906 2851 ut.
