1764 3096
434 127 482 158 m
528 114 727 157 GENEsm
767 112 970 157 Homma
997 113 1113 155 XIV.
1402 114 1487 157 257

175 230 217 275 4.
249 229 333 271 Sed
378 227 480 284 quid
509 226 693 284 petunt?
751 226 902 280 „Ne¹)
940 226 1066 268 facias
1095 223 1302 280 nobis‚²)
1340 224 1483 281 inqui·

63 318 153 356 unt,
183 307 319 347 mala:
360 307 433 347 sed
464 306 570 346 sicut
598 321 677 347 nos
707 314 748 344 te
781 302 978 344 exsecrati
1018 319 1107 343 non
1147 318 1314 352 sumus,
1353 301 1411 344 ita
1442 313 1481 342 et

62 395 108 423 tu
150 381 396 423 benedictus
437 382 672 424 Domino.“
736 380 1048 421 Remissionem
1090 390 1364 435 peccatorum
1404 396 1482 434 per

60 459 163 499 haec
193 459 421 514 deposcere
450 460 555 500 mihi
584 458 792 507 videntur,
822 473 877 497 ne
907 456 1110 512 recipiant
1139 458 1262 498 mala.
1338 460 1480 498 Bene-

61 535 290 576 dictionem
327 539 565 592 postulant,
604 552 694 576 non
734 533 1070 575 retributionem.
1139 518 1339 589 Denique
1371 533 1480 581 vide,

61 612 161 667 quid
194 612 394 668 sequitur.
463 613 546 663 „Et
562 611 605 667 3)
643 611 743 653 fecit
773 611 874 661 illis,
911 611 1070 666 inquit,
1110 610 1347 652 convivium
1387 626 1478 650 ma-

59 704 188 741 gnum
218 690 354 730 Isaac:
387 701 428 730 et
457 690 819 730 manducaverunt
851 699 890 728 ct
919 687 1162 728 biberunt.“
1211 687 1387 728 Certum
1417 697 1477 727 est

60 764 184 817 enim,
216 765 313 821 quia
345 766 416 821 qui
447 765 655 807 ministrat
684 766 887 814 verbum,
917 763 1174 819 sapientibus
1206 775 1247 804 et
1274 763 1477 818 insipien-

59 841 170 884 tibus
199 842 367 883 debitor
386 854 456 884 est.
501 841 612 896 Quia
635 858 732 895 ergo
759 840 994 882 convivium
1018 839 1274 895 sapientibus
1298 839 1479 888 exhibet,

57 918 217 959 idcirco
252 919 420 969 dicitur,
450 918 547 975 quia
577 936 667 959 non
697 935 887 974 parvum,
918 918 991 958 sed
1014 934 1214 969 magnum
1238 915 1477 957 convivium

58 995 171 1037 fecit.
230 996 288 1037 Et
317 1007 376 1045 tn,
407 995 440 1037 si
470 1013 559 1037 non
591 995 642 1036 sis
675 995 814 1036 adhuc
845 996 1054 1051 parvulus,
1086 1006 1124 1035 et
1153 994 1262 1035 lacte
1291 1008 1379 1033 non
1409 993 1475 1033 in-

59 1072 211 1125 digcas,
243 1075 316 1115 sed
350 1073 593 1115 exercitatos
626 1074 788 1114 deseras
821 1089 984 1121 sensus,
1030 1083 1070 1111 ct
1111 1070 1348 1111 eruditione
1377 1070 1475 1125 plu-

57 1149 163 1190 rima
195 1150 434 1206 praemissa,
466 1152 518 1191 ad
549 1150 864 1202 intelligentiam
911 1147 1028 1190 verbi
1058 1147 1142 1188 Dei
1181 1146 1376 1202 capacior
1403 1146 1475 1187 xic-

56 1226 159 1277 nias,
189 1228 236 1268 fit
266 1227 390 1268 etiam
421 1228 498 1269 tibi
539 1226 776 1268 convivium
819 1242 1030 1278 magnum.
1098 1226 1199 1265 Non
1239 1223 1316 1264 tibi
1358 1224 1475 1265 olera

56 1304 356 1357 languidorum
386 1303 605 1360 parabitur
633 1305 763 1352 cibus,
793 1319 870 1343 nec
898 1302 1004 1342 lacte
1026 1300 1235 1351 nutrieris,
1267 1318 1351 1356 quo
1374 1317 1473 1357 par-

54 1382 142 1422 vuli
171 1381 438 1430 nutriuntur,
477 1381 550 1422 sed
589 1379 714 1420 faciet
751 1379 826 1420 tibi
867 1378 1059 1419 minister
1087 1377 1204 1418 verbi
1234 1377 1472 1418 convivium

54 1475 266 1511 magnum.
322 1459 544 1513 Loquetur
572 1455 650 1497 tibi
680 1455 950 1512 sapientiam,
989 1471 1096 1510 quac
1126 1454 1234 1495 inter
1261 1457 1473 1510 perfectos

53 1538 284 1591 profertur,
313 1533 559 1590 sapientiam
579 1533 663 1574 Dei
693 1535 735 1574 in
759 1532 957 1591 mysterio
974 1531 1018 1587 ⁴)
1054 1531 1346 1573 absconditam
1367 1549 1471 1587 pro-

53 1614 162 1653 seret
190 1612 286 1662 tibi,
328 1629 453 1667 quam
484 1628 612 1651 nemo
643 1609 884 1665 principum
914 1608 1039 1666 hujus
1068 1610 1224 1650 saeculi
1263 1610 1470 1662 cognovit.

55 1688 275 1730 Revelabit
302 1688 380 1729 tibi
413 1687 627 1730 Christum
653 1687 885 1728 secundum
910 1686 1021 1734 hocs„
1037 1687 1153 1741 quod
1175 1687 1219 1727 in
1240 1703 1290 1727 eo
1324 1703 1471 1728 omnes

55 1765 239 1807 thesauri
269 1764 518 1821 sapientiae,
559 1775 598 1804 et
636 1762 830 1804 scientiae
870 1762 1108 1803 absconditi
1152 1775 1259 1804 sunt.
1327 1763 1474 1805 Faciet

57 1860 154 1896 crgo
187 1843 264 1884 tibi
296 1842 532 1884 convivium
562 1857 784 1894 magnum,
825 1851 865 1881 ct
903 1839 992 1895 ipse
1035 1851 1171 1880 tecum
1219 1840 1473 1896 epulabitur,

54 1921 87 1963 si
117 1932 158 1962 te
188 1937 276 1961 non
306 1919 491 1961 inveniat
518 1920 658 1967 talem,
687 1929 736 1958 ut
765 1917 877 1958 dicat
894 1916 984 1965 tibi,
1016 1916 1112 1972 quia
1142 1918 1320 1972 ,‚non⁵)
1350 1917 1471 1972 potui

56 1997 177 2039 vobis
205 1997 326 2052 loqui
358 1995 475 2051 quasi
505 1994 804 2050 spiritualibu5‚
835 1995 909 2033 sed
941 1993 1056 2048 quasi
1089 1993 1348 2035 carnalibus:
1378 2006 1471 2035 tan-

59 2090 186 2130 quam
215 2072 399 2129 parvulis
429 2072 474 2112 in
505 2071 674 2112 Christo
705 2071 768 2111 lac
809 2069 926 2110 vohis
955 2081 1107 2125 potum
1148 2070 1259 2121 dedi,
1288 2088 1377 2112 non
1409 2088 1470 2114 es·-

59 2156 189 2193 cam.“
237 2148 466 2191 Corinthiis
489 2150 570 2189 hoc
600 2147 712 2196 dicit,
745 2147 898 2203 quibus
920 2158 960 2188 et
977 2146 1114 2187 addit:
1142 2164 1268 2197 „cum
1283 2148 1327 2203 6)
1359 2148 1472 2190 enim

59 2229 140 2270 sint
169 2227 278 2269 inter
306 2244 379 2268 vos
410 2224 717 2274 contentiones,
749 2236 789 2265 et
819 2223 1116 2273 dissensiones,
1146 2239 1292 2264 nonne
1323 2240 1470 2267 carna-

42 2307 117 2347 ,les
150 2305 264 2355 estis,
306 2316 346 2346 et
384 2304 618 2346 secundum
656 2301 876 2344 hominem
915 2299 1196 2343 ambulatis?“
1251 2300 1341 2342 Istis
1382 2318 1471 2343 non

176 2451 219 2506 1)
254 2450 406 2492 Genes.
437 2450 596 2499 XXVI,
625 2449 693 2492 29.

176 2521 222 2576 2)
252 2521 362 2562 Edd.
392 2519 453 2560 M.
486 2531 524 2560 et
552 2520 605 2559 R.
643 2519 725 2559 hoc
759 2518 878 2559 loco:
911 2516 1011 2570 (cfr.
1042 2531 1134 2572 pag.
1163 2515 1258 2560 ‘256-
1290 2528 1377 2558 not.
1407 2517 1469 2572 2.)

0 2625 2 2639 k
59 2579 222 2630 ‚,nobis‚
249 2577 460 2633 inquiunt,
489 2575 644 2619 mala.“

0 2997 8 3096 arx—fir
0 2864 6 2987 v—.⁴--
0 2813 3 2820 .

176 2647 222 2702 3)
255 2647 406 2688 Genes.
436 2646 596 2696 XXVI,
625 2645 692 2687 30.

178 2716 224 2772 ⁴²)
255 2716 367 2756 Edd.
395 2715 588 2757 Merlini:
619 2711 864 2756 ministerio.

181 2787 226 2840 ⁵)
255 2786 274 2826 Ι
306 2785 405 2826 Cor.
435 2785 510 2834 III,
539 2785 578 2826 1.
606 2786 646 2827 2.

181 2855 226 2912 6)
257 2856 276 2895 Ι
308 2854 406 2896 Cor.
437 2854 509 2904 111,
537 2855 576 2897 3.
608 2880 662 2890 --
692 2852 775 2898 Ed.
803 2851 964 2894 Ruaei:
996 2849 1282 2895 dissentiones.

68 2931 288 2976 OmGEms
320 2931 492 2975 OPERA.
525 2929 647 2973 Tom.
678 2928 789 2971 VIII.
1095 2928 1148 2971 17
