1764 3096
272 100 358 147 268
879 101 1100 146 Omssssms

271 217 354 258 bit:
386 231 463 271 per
493 214 743 271 prophetas,
783 231 891 271 quae
922 218 1118 266 deerant,
1161 214 1334 273 implet,
1373 216 1457 258 hoc
1492 229 1570 268 est,
1610 235 1693 261 csse

273 311 367 334 cum
402 293 449 335 iis
479 293 523 334 in
554 295 761 351 Aegypto.
823 293 957 348 Quod
989 307 1127 336 autem
1162 293 1281 336 dicit:
1322 297 1559 344 „revocabo
1579 296 1622 352 ι)
1654 309 1694 337 te

268 372 370 412 inde
409 371 454 411 in
498 371 675 411 finem:“
719 371 802 410 hoc
835 383 914 420 est,
954 372 1159 421 arbitror,
1206 372 1314 412 sicut
1351 372 1542 428 superius
1589 372 1694 415 dixi-

269 448 435 503 mus,²)
468 449 584 503 quod
616 448 658 489 in
691 449 775 488 fine
803 449 1071 490 saeculorum
1091 449 1329 500 unigenitus
1347 450 1454 491 filius
1481 448 1581 505 ejus,
1610 466 1691 504 pro

268 526 404 566 salute
433 526 596 575 mundi,
628 542 763 581 usque
794 528 847 567 ad
877 526 1043 568 inferna
1076 526 1312 576 descendit,
1344 537 1382 567 et
1411 526 1510 567 inde
1539 539 1692 582 proto-

265 604 447 657 plastum
481 603 705 643 revocavit.
775 603 908 657 Quod
951 605 1062 645 enim
1108 604 1209 644 dixit
1240 605 1292 645 ad
1323 605 1554 645 latronem:
1585 604 1691 653 „ho—

267 679 395 733 die3)
426 694 593 720 mecum
627 680 706 721 eris
740 680 784 720 in
815 681 1035 736 paradiso:
1080 682 1162 722 hoc
1195 698 1282 722 non
1315 681 1375 722 illi
1405 680 1483 723 soli
1516 681 1691 729 dictum,

262 757 337 798 sed
369 768 408 797 et
439 757 637 798 omnibus
675 757 826 798 sanctis
870 757 1080 810 intellige,
1122 776 1202 814 pro
1245 759 1398 814 quibus
1440 758 1486 799 in
1523 757 1690 799 inferna

263 835 551 876 descenderat.
599 833 646 873 In
679 834 762 874 hoc
794 851 890 887 ergo
911 836 1058 885 verius,
1085 852 1211 890 quam
1244 836 1286 876 in
1309 836 1446 877 Jacob
1480 836 1691 891 adimple-

262 912 400 960 bitur,
445 912 564 967 quod
605 910 765 952 dictum
809 924 890 953 est:
940 912 1127 968 „quia⁴²)
1168 915 1381 954 revocabo
1425 924 1466 953 te
1503 912 1604 953 inde
1642 911 1683 952 in

258 990 429 1030 finem.“

372 1066 412 1106 6.
443 1065 529 1105 Sed
560 1075 600 1105 et
630 1066 918 1121 unusquisque
948 1078 1144 1108 nostrum
1176 1068 1327 1108 eodem
1361 1066 1523 1115 ordine,
1558 1077 1684 1121 atque

260 1143 407 1184 eadem
439 1141 516 1192 via,
551 1144 787 1200 Aegyptum
825 1156 864 1184 et
895 1160 1049 1196 agones
1078 1144 1334 1195 ingreditur,
1377 1156 1417 1184 et
1456 1144 1489 1185 si
1519 1159 1682 1183 merea-

257 1233 337 1270 tur,
368 1232 414 1260 ut
444 1220 561 1261 Deus
591 1236 760 1275 semper
790 1233 959 1262 maneat
991 1238 1086 1261 cum
1120 1237 1192 1269 eo,
1222 1218 1345 1260 faciet
1377 1236 1471 1260 eum
1503 1220 1547 1260 in
1581 1234 1679 1270 gen-

253 1309 338 1338 tem
371 1313 581 1349 magnam.
622 1296 780 1350 R'Iagna
809 1299 918 1339 enirn
944 1315 1040 1351 gens
1072 1309 1130 1340 cst
1160 1296 1360 1337 virtutum
1392 1312 1609 1345 numeruS,
1642 1307 1682 1335 et

252 1375 436 1432 justitiae
465 1374 719 1425 multitudo,
758 1375 801 1415 in
842 1392 924 1430 qua
958 1374 1090 1416 sancti
1121 1373 1280 1429 quique
1308 1371 1586 1428 multiplicari
1617 1371 1680 1411 di-

254 1464 421 1501 cuntur,
453 1464 492 1493 et
522 1469 719 1494 cresccre.
782 1452 1036 1508 Completur
1065 1451 1108 1492 in
1141 1468 1191 1492 eo
1225 1450 1346 1491 etiam
1379 1450 1511 1499 illud,
1560 1451 1679 1504 quod

253 1530 413 1571 dictum
447 1542 522 1571 est:
553 1530 739 1586 ,‚quia⁵)
783 1531 993 1572 revocabo
1034 1541 1075 1570 te
1114 1529 1215 1570 inde
1254 1528 1298 1568 in
1328 1528 1496 1569 fincm.“
1561 1526 1678 1567 Finis

253 1606 365 1647 enim
395 1606 601 1661 perfectio
633 1624 776 1648 rerum
819 1619 857 1648 et
897 1608 1097 1648 virtutum
1143 1604 1455 1647 consummatio
1486 1604 1677 1659 ponitur.

249 1683 436 1739 Propter
466 1685 549 1725 hoc
582 1685 765 1739 denique
797 1696 836 1725 et
867 1685 970 1725 alius
1002 1685 1175 1739 quidam
1207 1694 1452 1724 sanctorum
1486 1681 1674 1721 dicebat:

248 1760 391 1815 ‚,ne⁶)
421 1777 592 1802 revoces
622 1777 692 1801 me
719 1761 762 1802 in
799 1761 977 1803 dimidio
1012 1762 1176 1801 dierum
1209 1765 1449 1800 meorum.“
1513 1758 1566 1798 Et
1598 1758 1674 1798 ite-

247 1856 342 1879 rum
371 1854 524 1890 magno
548 1839 813 1893 patriarchae
835 1839 1052 1879 Abraham
1078 1837 1298 1892 Scriptura
1321 1835 1611 1877 testimonium
1627 1833 1671 1889 ⁷)

244 1914 456 1971 perhibet,
488 1915 692 1970 quoniam
725 1917 948 1956 defunctus
982 1926 1039 1955 est
1070 1916 1287 1955 Abraham
1313 1913 1466 1968 plenus
1492 1912 1669 1952 dierum.

245 1991 343 2034 Hoc
375 2004 433 2033 est
465 2007 587 2043 ergo:
631 1993 871 2042 „revocabo
891 1991 937 2046 8)
978 2004 1019 2032 te
1056 1992 1157 2033 inde
1193 1990 1236 2031 in
1277 1992 1405 2032 finem
1423 1994 1458 2029 :“
1496 1989 1610 2028 velut
1638 1988 1672 2030 si

246 2069 423 2111 diceret:
456 2070 662 2125 quoniam
693 2082 907 2110 certarnen
937 2070 1103 2109 bonum
1152 2068 1338 2116 certasti,
1374 2068 1503 2108 fidem
1531 2082 1670 2107 serva-

241 2148 306 2197 sti,
338 2164 507 2188 cursum
539 2146 854 2195 consummasti,
882 2147 1095 2186 revocabo
1128 2157 1168 2186 te
1197 2144 1283 2202 jam
1315 2146 1367 2186 de
1395 2144 1479 2185 hoc
1502 2144 1667 2184 mundo

242 2227 297 2266 ad
326 2225 633 2265 beatitudinem
664 2225 872 2270 futuram,
904 2225 956 2264 ad
985 2223 1294 2278 perfectionem
1324 2221 1433 2262 vitae
1462 2233 1669 2269 aeternae,

241 2303 296 2344 ad
337 2300 517 2357 justitiae
559 2317 787 2350 coronam,
834 2316 963 2355 quam
1004 2302 1154 2341 reddet
1194 2301 1409 2341 Dominus
1450 2298 1495 2339 in
1534 2298 1664 2338 finem

238 2379 507 2420 saeculorum
541 2377 753 2426 omnibus,
785 2376 857 2431 qui
889 2378 1066 2430 diligunt
1096 2394 1205 2419 eum.

352 2456 390 2496 7.
421 2455 652 2497 Videamus
685 2466 837 2504 autem,
870 2455 973 2510 quid
1005 2455 1127 2497 etiam
1159 2455 1260 2496 inde
1298 2454 1570 2496 sentiendum
1600 2452 1663 2503 sit,

352 2645 393 2698 ¹)
427 2643 579 2685 Genes.
611 2643 763 2694 XLVI,
795 2642 832 2685 ’4.
953 2643 999 2698 2)
1029 2643 1109 2686 Ed.
1139 2645 1294 2687 Ruaei:
1327 2645 1519 2687 dicimus.

349 2715 397 2768 3)
428 2715 528 2755 Luc.
558 2714 720 2763 XXIII,
749 2715 817 2758 43.
938 2713 983 2769 ⁴)
1017 2714 1169 2757 Genes.
1198 2715 1354 2765 XLVI,
1381 2716 1421 2757 4.

351 2784 397 2839 ⁵)
429 2784 579 2827 Genes.
612 2784 763 2834 XLVI,
792 2786 830 2826 4.
951 2784 997 2839 ⁶)
1028 2785 1179 2826 Psalm.
1213 2785 1303 2836 CII,
1331 2786 1402 2828 24.
1433 2785 1554 2842 (CI.)

351 2853 396 2909 ⁷)
430 2852 579 2897 Genes·
609 2854 748 2905 XXV,
776 2854 815 2899 8.
936 2854 983 2911 8)
1015 2854 1166 2900 Genes.
1196 2857 1346 2909 XLVI,
1376 2857 1414 2900 4.
