1764 3096
510 136 557 169 m
588 124 789 167 Gmmsm
817 125 1017 166 HommA
1040 124 1112 168 IV.
1439 126 1519 170 171

105 240 299 283 Domino
329 251 474 282 nostro
505 239 608 280 Jesu
639 236 823 287 Christo,
854 236 922 278 cui
955 248 1015 279 est
1043 235 1191 291 glorIa‚
1223 247 1265 278 et
1293 235 1521 293 imperium

106 320 151 361 in
177 318 341 362 saecula
369 316 647 360 saeculorum.
704 319 858 357 Amen.

450 649 492 691 H
552 649 592 692 O
654 647 705 688 M
762 647 781 687 I
840 647 873 688 L
929 646 951 688 I
1012 650 1047 688 A
1122 647 1172 689 V.

487 745 618 803 De’)
652 745 735 787 Lot
765 756 805 786 et
834 744 1001 786 filiabus
1032 742 1132 802 ejus.

214 862 254 904 1.
284 859 405 903 Missi
419 859 466 912 ²)
497 857 634 912 angeli
665 859 718 899 ad
749 856 1068 898 subversionem
1090 858 1401 909 Sodomorum,
1425 875 1523 899 cum

102 937 340 995 injunctum
373 948 576 994 cuperent
604 947 818 977 maturare
847 935 1088 988 negotium,
1129 951 1275 976 curam
1304 935 1422 991 prius
1451 952 1520 988 ge<

103 1027 202 1056 runt
232 1014 408 1071 hospitis
451 1015 558 1064 Lot,
602 1024 651 1054 ut
691 1030 790 1054 eum
830 1014 884 1054 de
922 1011 1162 1053 imminenti
1200 1012 1306 1067 ignis
1346 1012 1524 1063 excidio,

102 1092 463 1149 contemplatione
512 1090 830 1147 hospitalitatis,
881 1090 1124 1132 eximerent.
1201 1090 1361 1132 Audite
1408 1092 1524 1142 haec,

103 1169 176 1226 qui
203 1169 434 1226 peregrinis
465 1168 658 1211 clauditis
689 1171 866 1210 domos:
899 1167 1041 1208 audite
1068 1168 1184 1216 haec,
1216 1166 1290 1222 qui
1312 1168 1525 1224 hospitem

101 1247 217 1288 velut
254 1247 422 1288 hostem
461 1247 614 1290 vitatis.
687 1247 771 1286 Lot
807 1244 852 1286 in
890 1244 1092 1287 Sodomis
1132 1244 1364 1287 habitabat.
1430 1245 1527 1287 Alia

103 1322 193 1380 ejus
222 1325 333 1364 bene
365 1336 475 1377 gesta
503 1341 595 1364 non
624 1322 811 1376 legimus.
880 1321 1155 1378 Hospitalitas
1195 1321 1241 1362 in
1272 1338 1322 1363 eo
1355 1324 1446 1364 sola
1477 1341 1526 1365 ex

102 1417 182 1441 usu
212 1400 382 1442 veniens
412 1412 694 1442 memoratur:
728 1399 865 1442 evadit
893 1399 1021 1452 ignes,
1053 1399 1192 1440 evadit
1226 1398 1437 1452 incendia,
1469 1402 1526 1442 ob

103 1476 185 1517 hoc
214 1479 368 1528 solum,
400 1480 518 1533 quod
549 1479 728 1518 domum
758 1494 877 1518 suam
907 1476 1107 1532 patefecit
1137 1476 1388 1532 hospitibuS.
1434 1478 1529 1519 Ho-

102 1552 298 1608 spitalem
330 1555 509 1595 domum
538 1554 675 1607 angeli
704 1554 879 1606 ingressi
907 1566 1017 1595 sunt.
1084 1553 1258 1595 Clausas
1288 1553 1527 1609 hospitibus

103 1630 257 1671 domos
310 1629 416 1682 ignis
463 1630 673 1684 ingressus
726 1642 797 1672 est.
886 1630 1005 1685 Quid
1053 1646 1151 1684 ergo
1205 1631 1260 1671 ad
1313 1631 1528 1686 hospitem

102 1706 288 1762 suum3)
316 1723 397 1763 pro
428 1707 723 1764 hospitalitatis
764 1707 914 1749 officiis
952 1707 1095 1749 dicant
1132 1707 1268 1761 angeli
1296 1708 1527 1751 videamus.

103 1786 179 1835 „In
194 1785 240 1841 4)
270 1797 484 1836 montem,
528 1784 751 1842 inquiunt,
788 1788 946 1828 salvam
975 1787 1042 1827 fac
1071 1784 1258 1827 animam
1286 1797 1428 1838 tuam,
1473 1804 1530 1829 ne

103 1863 214 1904 forte
244 1862 661 1919 comp1·ehendaris.“
715 1864 820 1906 Erat
852 1863 1024 1920 quidem
1054 1862 1274 1919 hospitalis
1304 1863 1408 1914 Lot,
1455 1866 1530 1922 qui

103 1939 229 1980 etiam
257 1965 313 1973 —
341 1939 449 1981 sicut
478 1939 516 1981 ei
545 1940 765 1997 Scriptura
793 1939 1085 1982 testimonium
1113 1940 1213 1982 tulit
1250 1964 1302 1971 -
1335 1943 1388 1982 ab
1418 1941 1528 1984 inte-

104 2015 190 2057 ritu
218 2015 359 2067 latuit,
404 2016 559 2070 angelis
600 2017 786 2074 hospitio
828 2017 1022 2073 receptis.
1090 2018 1178 2060 Sed
1220 2034 1312 2058 non
1353 2030 1442 2060 erat
1470 2020 1528 2061 ita

105 2093 339 2148 perfectus,
381 2105 430 2134 ut
466 2092 605 2134 statim
643 2095 698 2135 de
728 2093 930 2136 Sodomis
959 2094 1120 2144 exiens,
1163 2107 1356 2137 montem
1385 2110 1530 2153 posset

105 2169 376 2211 adscendere.
443 2169 741 2212 Perfectorum
778 2188 967 2227 namque
1006 2183 1069 2213 est
1108 2171 1271 2213 dicere:
1309 2174 1467 2222 „levavi
1483 2174 1529 2231 ⁵)

107 2247 257 2287 oculos
285 2263 404 2289 meos
433 2247 479 2289 in
507 2260 688 2298 montes,
716 2250 833 2289 unde
861 2247 1000 2289 venIet
1030 2247 1233 2291 auxilium
1262 2250 1407 2292 mihi.“
1447 2254 1529 2295 Iste

107 2340 207 2377 ergo
240 2340 382 2381 neque
411 2324 504 2367 talis
534 2337 635 2377 erat,
666 2325 740 2382 qui
768 2325 879 2368 inter
899 2325 1144 2368 sodomitas
1172 2329 1315 2384 perire
1339 2330 1528 2382 deberet,

227 2531 273 2587 ¹)
301 2533 351 2573 In
383 2533 489 2574 Cod.
520 2534 627 2575 Msc.
671 2535 804 2576 sancti
846 2535 1111 2580 Theodorici
1148 2536 1294 2580 titulus
1334 2548 1417 2580 est:
1457 2538 1528 2581 De

109 2588 380 2631 subversione
409 2591 703 2632 Sodomorum
733 2603 774 2633 et
806 2593 859 2633 de
887 2593 982 2635 Lot.
1011 2593 1063 2636 R.

227 2658 274 2713 2)
305 2657 393 2700 Csr.
424 2659 578 2702 Genes.
607 2661 728 2703 XIX.

227 2727 274 2782 ³)
303 2729 436 2770 Deest
463 2732 645 2780 „suum“
675 2731 720 2773 in
750 2733 815 2774 ed.
846 2733 995 2775 Ruaci.

229 2796 274 2852 ⁴)
307 2796 459 2842 Genes.
488 2800 608 2850 XIX,
640 2802 705 2844 17.

232 2867 278 2923 ⁵)
307 2868 459 2914 Psalm.
493 2869 648 2923 CXXI,
681 2872 717 2915 1.
747 2872 936 2928 (CXX.)
