1764 3096
564 646 743 701 EK1)
817 649 1008 691 ΤΩΝ

216 782 284 842 Ω
371 787 423 840 Ρ
511 790 543 842 l
619 789 679 842 Γ
754 789 804 842 Ε
894 789 962 844 N
1041 788 1092 846 O
1186 791 1231 842 Y
1305 792 1371 843 Σ

448 937 571 987 ΕΙΣ
611 939 778 988 ΤΗΝ
808 937 1138 996 ΕΞΟΔΟΝ.

706 1221 789 1269 Εἰς
826 1217 888 1264 τό·

227 1328 529 1387 ,,Ἐσκλήρυνε
545 1331 592 1387 ²)
622 1329 776 1390 κύριος
803 1331 886 1389 τὴν
914 1334 1112 1392 καρδίαν
1144 1331 1370 1395 Φαραώ.“

85 1448 442 1533 ,,)Εσκλήρυνε
473 1473 523 1518 δὲ
554 1471 707 1534 κύριος
736 1472 820 1529 τὴν
849 1473 1045 1535 καρδίαν
1077 1473 1274 1536 Φαραώ,
1318 1477 1396 1518 καὶ
1427 1475 1510 1519 οὐκ

86 1554 319 1615 ἠβουλήθη
351 1556 665 1605 ἐξαποστεῖλαι
697 1553 918 1605 αὐτούς-,ἐς
966 1553 1196 1608 Πολλάκις
1225 1558 1276 1602 ἓν
1308 1561 1355 1619 τῇ
1381 1557 1512 1608 Ἐξό-

88 1637 156 1693 δῳ
187 1639 401 1691 κείμενον
428 1630 497 1676 τό·
540 1630 820 1694 ,,ε’σκλήρυνε
860 1631 1015 1690 κύριος
1049 1633 1132 1690 τὴν
1172 1637 1369 1695 καρδίαν
1403 1642 1509 1680 Φα-

90 1709 200 1771 ραώ·
235 1715 327 1755 καί·
369 1709 495 1767 ,,ἒγώ
529 1714 761 1771 σκληρυνῶ
792 1708 875 1766 τὴν
915 1712 1114 1771 καρδίαν
1146 1711 1374 1771 Φαραώ·“
1405 1728 1514 1772 σχε-

88 1789 175 1835 δὸν
204 1785 380 1837 πάντας
407 1785 510 1835 τοὺς
540 1784 903 1844 ἐντυγχάνοντας
929 1787 1160 1848 ταράσσει,
1194 1787 1298 1840 τούς
1327 1807 1372 1836 τε
1403 1790 1514 1835 ἀπι-

89 1870 305 1915 στοῦντας
335 1863 445 1920 αὐτῆ
478 1866 557 1908 καὶ
584 1863 690 1914 τοὺς
727 1864 959 1911 πιστεύειν
1000 1869 1228 1925 λέγοντας.
1294 1873 1400 1919 Τοῖς
1427 1871 1516 1926 μὲν

86 1944 179 2003 γὰρ
212 1943 456 1987 ἀπιστοῦσι
494 1941 588 2000 μετ’
623 1938 774 1987 ἄλλων
803 1945 989 1987 πολλῶν
1032 1945 1110 1987 καὶ
1138 1948 1272 1989 τοῦτο
1305 1943 1516 1997 ἀπιστίας

90 2025 236 2065 αἴτιον
280 2015 397 2064 εἶναι
437 2018 586 2073 δοκεῖ,
638 2017 707 2062 ὅτι
743 2023 920 2077 λέγεται
957 2024 1065 2076 περὶ
1103 2025 1215 2067 θεοῦ
1254 2021 1309 2066 τὰ
1351 2021 1516 2074 ἀνάξια

90 2101 217 2144 θεοῦ.
283 2093 492 2145 Ἀνάξιον
534 2095 585 2138 δὲ
622 2099 734 2140 θεοῦ
767 2095 816 2140 τὸ
858 2098 1063 2155 ἐνεργεῖν
1099 2097 1374 2157 σκλήρυνσιν
1411 2105 1517 2161 περὶ

92 2176 290 2236 καρδίαν
330 2171 626 2228 οὑτινοσοῦν,
683 2175 761 2216 καὶ
802 2176 1006 2232 ἐνεργεῖν
1045 2173 1320 2234 σκλήρυνσιν
1348 2178 1426 2221 ἐπὶ
1454 2183 1516 2237 τῷ

91 2254 341 2308 ἀπειθῆσαι
372 2253 434 2308 τῷ
463 2248 717 2308 βουλήματι
746 2255 826 2295 τοῦ
849 2249 1178 2312 σκληρύνοντος
1208 2252 1288 2298 τὸν
1319 2259 1516 2316 σκληρυ-

212 2428 256 2482 ¹)
289 2426 518 2482 Sequentia
556 2426 789 2478 fragmenta
842 2427 1264 2470 Commentariorum
1313 2431 1358 2471 in
1402 2433 1517 2474 Exo-

94 2487 199 2526 dum
232 2485 423 2525 desumta
453 2495 550 2524 sunt
581 2500 604 2524 e
633 2483 892 2526 philocaliae
923 2483 1026 2541 Cap.
1055 2485 1229 2535 XXV1.,
1261 2489 1376 2542 quod
1412 2507 1516 2530 con-

94 2541 267 2582 tulimus
300 2557 396 2580 cum
442 2551 627 2594 quatuor
655 2541 778 2590 Mss„
817 2541 975 2582 scilicet
1014 2558 1112 2583 cum
1154 2544 1325 2584 duobus
1367 2545 1518 2597 Regiis,

94 2614 182 2638 uno
217 2595 497 2644 Coisliniam),
528 2607 568 2637 et
599 2598 731 2637 altero
766 2613 788 2637 e
817 2597 1077 2638 bibliotheca
1109 2599 1276 2640 domini
1308 2600 1516 2643 Foucaud

95 2655 182 2705 regi
214 2670 235 2693 a
267 2652 547 2694 sanctioribus
578 2652 772 2694 consiliis.
817 2657 851 2694 ἢ.
881 2678 932 2685 -—
967 2654 1031 2696 Cf.
1064 2656 1157 2697 cdd.
1180 2655 1385 2698 philocal.
1419 2675 1519 2699 cura

96 2709 244 2750 Tarini
276 2725 365 2762 cap.
406 2708 563 2749 XXVI.
604 2725 697 2764 pag.
736 2711 830 2753 428.
868 2726 998 2766 seqq„
1031 2712 1141 2752 curis
1179 2729 1280 2753 vero
1313 2715 1519 2771 Spenccri

98 2783 190 2821 cap.
219 2764 399 2806 XXVII.
427 2781 519 2820 pag.
551 2767 645 2810 101.
676 2782 764 2822 sqq.
797 2767 894 2809 coll.
929 2769 1023 2810 edd.
1057 2767 1182 2810 Huet.
1216 2768 1340 2814 Tom.
1361 2774 1391 2815 1.
1424 2786 1516 2826 pag.

100 2823 167 2866 17.
198 2838 286 2876 sqq.

216 2890 262 2944 2)
293 2890 428 2932 Exod.
462 2891 516 2941 X,
544 2893 609 2934 27,
