1764 3096
256 133 284 173 2
303 160 307 161 ν
662 129 727 170 Ex
757 129 999 172 Limonum
1041 129 1264 173 OmGEms

372 242 417 284 Si
457 241 524 283 cui
564 257 662 282 vero
693 241 736 282 in
768 241 1073 298 disceptatione
1111 243 1375 298 profundum
1407 241 1566 297 aliquid
1601 258 1673 283 oc-

262 320 461 368 currerit,
514 319 566 359 de
612 319 695 359 hoc
735 318 962 360 dicendum
1004 317 1175 373 quidem
1217 331 1297 368 est,
1339 320 1411 360 sed
1454 335 1545 359 non
1577 336 1673 359 cuni

262 397 380 440 omni
409 394 701 437 affirmatione.
764 395 858 436 Hoc.
899 395 1010 436 enim
1043 406 1122 443 aut⁸
1143 396 1354 437 temerarii
1386 395 1571 437 hominis
1603 407 1673 443 est,

261 475 359 528 αι’)
403 473 512 532 ejus,
565 473 636 529 qui
677 489 841 516 sensum
884 473 1095 513 humanae
1133 472 1387 512 infirmitatis
1427 473 1673 528 perdiderit,

261 550 562 607 oblitusque²)
600 551 662 591 sui
691 551 761 600 sit;
807 561 877 590 aut
916 560 1028 590 certe
1065 551 1353 604 perlectorum
1394 550 1604 599 virorum,
1635 562 1672 590 et

260 645 430 677 eorum,
471 627 542 683 qui
586 628 851 668 confidenter
887 642 929 667 se
967 626 1102 667 sciant
1139 627 1191 667 ab
1222 626 1313 681 ipso
1346 626 1538 667 Domino
1571 628 1671 667 Jesu

260 704 535 759 ‹li‹licisse‚³)
570 703 615 744 id
647 715 727 753 est,
767 720 788 744 a
819 704 962 744 Verbo
993 702 1194 752 veritatis,
1239 701 1337 757 οὐ)
1379 703 1432 742 ab
1474 703 1560 758 ipsa
1594 703 1672 744 Sa·-

257 782 429 839 pienfia,
458 797 534 837 per
554 797 680 836 quam
714 781 854 821 omnia
886 781 993 821 sacta
1013 791 1123 828 sunt,
1155 779 1388 832 agnovisse:
1413 779 1476 819 vel
1510 796 1673 826 eorum,

261 859 331 914 qui
363 858 501 899 divina
532 874 732 913 respons-‘1
762 856 931 909 ingressi
962 856 1174 897 turbinem
1202 867 1240 896 et
1269 856 1504 907 caliginem,
1536 855 1670 909 ubi-³)

258 936 346 990 ipse
375 935 490 975 Deus
522 946 592 984 est,
623 935 795 975 coelitus
826 945 1093 989 acceperunt,
1122 934 1163 973 in
1199 934 1316 987 quod
1346 933 1409 972 vix
1439 932 1511 973 ille
1532 933 1670 973 Moses

258 1013 464 1063 ingressus
500 1013 564 1051 vel
600 1011 832 1062 intelligere
869 1012 966 1052 talia
1005 1011 1270 1075 potuitnvel
1311 1010 1516 1065 proferre.
1583 1010 1670 1050 Nos

257 1105 357 1129 vero
388 1090 529 1143 pross)
563 1104 612 1127 eo
643 1089 759 1137 solo,
799 1089 917 1142 quod
948 1087 1221 1128 mediocriter
1251 1087 1368 1135 licet,
1403 1087 1670 1140 credimns'7)

259 1177 396 1205 tamen
429 1165 622 1206 Domino
654 1165 754 1205 Jesu
787 1162 1029 1219 Christofi)
1062 1176 1099 1204 et
1130 1163 1215 1220 ejus
1235 1164 1468 1216 gloriamur
1491 1180 1575 1204 esse
1607 1164 1669 1204 di—

255 1242 417 1297 scipuli,
452 1259 530 1282 nee
560 1254 699 1282 tamen
732 1243 934 1282 audemus
966 1241 1119 1290 dicere,
1149 1242 1265 1296 quod
1297 1239 1405 1281 facie
1435 1240 1489 1281 nd
1519 1240 1670 1281 facicm

257 1318 310 1357 ab
348 1316 440 1371 ipso
491 1317 686 1358 traditam
725 1318 1032 1372 susceperimus
1050 1316 1096 1370 9)
1142 1316 1458 1367 intelligentiam
1507 1333 1670 1364 eorum,

258 1409 364 1448 quac
391 1392 435 1433 in
468 1392 617 1434 divinis
646 1392 765 1434 libris
795 1394 1058 1433 referuntur:
1090 1409 1198 1449 quae
1223 1392 1393 1448 quidem
1417 1404 1550 1434 certus
1565 1411 1671 1442 sum,

255 1471 372 1524 quod
402 1485 456 1508 ne
493 1468 582 1523 ipse
620 1468 792 1523 quidem
832 1472 1019 1511 mundus
1043 1468 1114 1524 ¹⁰)
1153 1486 1235 1525 pro
1274 1468 1425 1510 xirtute
1462 1487 1510 1511 ac
1542 1469 1670 1526 maje-

254 1557 356 1588 state
393 1561 592 1586 sensuum
632 1561 783 1600 capere
812 1557 961 1601 potest.
1026 1545 1210 1601 Propter
1241 1546 1358 1601 quod
1388 1547 1668 1601 pronuntiare

372 1731 416 1780 ¹)
448 1731 525 1771 Ed.
557 1731 618 1772 M.
653 1731 693 1772 I:
732 1743 831 1780 „aut
871 1731 984 1790 ejus“
1025 1743 1100 1774 etc.
1173 1733 1221 1773 In
1256 1734 1319 1774 ed.
1350 1732 1413 1775 M.
1447 1732 1495 1773 Π.
1528 1749 1665 1788 neque

254 1795 300 1828 et
328 1787 489 1839 legitur,
519 1803 659 1842 neque
689 1795 785 1829 [lut.

369 1858 416 1910 ²)
446 1856 525 1897 Ed.
557 1857 616 1897 M.
647 1858 679 1898 Ι.
707 1859 817 1899 sola:
850 1857 1120 1914 „oblitusque
1141 1858 1203 1901 sui
1222 1858 1272 1905 sit
1297 1865 1545 1910 auctoritate
1567 1882 1657 1922 perv

254 1915 462 1954 sectorum
495 1913 708 1954 virorum“
739 1925 815 1955 etc.

368 1981 413 2035 3)
444 1982 524 2023 Ed.
556 1982 616 2023 M.
648 1983 677 2023 I.
707 1985 818 2025 sola:
851 1985 1072 2035 „didicisse
1101 1997 1141 2027 et
1170 2005 1192 2029 a
1223 1989 1398 2030 Verbo“
1429 2002 1507 2033 etc.

369 2050 414 2104 ¹²)
444 2051 524 2092 Ed.
556 2052 617 2094 M.
649 2054 679 2094 I.
708 2054 820 2095 sola:
851 2066 917 2104 „et
945 2057 998 2096 ab
1028 2056 1116 2112 ipsa
1135 2057 1293 2100 scilicet
1317 2060 1558 2116 Sapientia“
1590 2074 1662 2103 etc.

370 2120 415 2173 ⁵)
447 2119 524 2161 Ed.
557 2121 607 2186 R.
639 2122 764 2164 Tom.
788 2123 860 2169 IV.
891 2141 983 2180 pag.
1005 2126 1071 2168 18.
1102 2128 1202 2176 „ubi
1221 2128 1339 2171 Deus
1368 2132 1458 2186 ipse
1488 2138 1589 2183 est;“
1619 2134 1663 2174 in

253 2177 316 2218 ed.
346 2176 408 2216 M.
438 2176 468 2216 Ι.
501 2177 761 2220 desideratur
787 2186 910 2229 ‚,est.“

366 2245 412 2298 6)
443 2246 502 2286 Ita
534 2247 646 2296 editi,
674 2249 753 2289 nisi
784 2250 900 2304 quod
928 2251 1088 2292 addant
1115 2252 1341 2302 „Christo“
1372 2268 1469 2312 post
1499 2258 1663 2306 „Jesu.“

252 2302 351 2343 B'Iss.
384 2302 662 2353 Sorbonicus,
693 2316 733 2345 et
763 2305 804 2346 S.
836 2306 1054 2348 Michaelis
1082 2308 1126 2349 in
1156 2312 1348 2365 periculo
1379 2316 1524 2354 maris:
1556 2330 1661 2367 „pro

211 2385 215 2387 -
252 2374 304 2399 eo
334 2359 444 2407 solo,
471 2361 588 2414 quod
618 2361 890 2402 mediocriter
916 2363 1013 2403 licet
1035 2365 1303 2417 credidimus,
1332 2380 1473 2409 tamen
1491 2371 1543 2410 de
1568 2370 1658 2409 Do—

251 2414 369 2478 mino
409 2415 508 2455 Jesu
541 2416 782 2471 loquimur,
826 2430 864 2459 et
905 2418 1018 2475 ejus“
1059 2433 1132 2462 etc.
1187 2423 1326 2464 Ceteri
1364 2426 1461 2467 Mss.
1502 2425 1659 2465 habent

252 2471 340 2535 f¹li¹³
379 2471 710 2566 „eregidimusff‘
749 2473 840 2514 alii:
871 2475 1249 2524 „crediderimus:“
1293 2481 1454 2536 reliqua
1483 2497 1583 2522 vero
1616 2493 1661 2521 ut

250 2537 447 2568 mrtextu.
519 2559 528 2568 .

368 2596 413 2650 ⁷)
441 2595 522 2637 Ed.
551 2596 613 2637 M.
643 2595 673 2639 I.
705 2599 816 2640 sola:
845 2600 1082 2649 „credimus
1114 2602 1159 2644 in
1189 2603 1411 2647 Domino“
1442 2619 1517 2648 etc.

363 2663 410 2720 ⁸)
442 2665 574 2707 Deest
610 2665 846 2719 „Christo‚⁸‘
884 2671 934 2710 cf.
965 2687 1056 2726 pag.
1097 2672 1185 2730 huj.
1214 2686 1303 2716 not.
1336 2675 1399 2725 6.,
1439 2675 1482 2716 in
1515 2678 1577 2717 ed.
1608 2675 1658 2716 R.

248 2718 373 2761 Tom.
402 2720 473 2762 IV.
505 2738 596 2777 pag.
627 2723 693 2767 18.

364 2788 410 2842 ⁹)
439 2789 519 2832 Ed.
549 2791 608 2832 M.
638 2792 669 2834 I.
701 2794 814 2834 sola:
843 2793 1171 2852 ‚‚suscepimus.“

338 2858 408 2914 ¹⁰)
438 2859 511 2900 Ev.
543 2861 700 2904 Joann.
728 2863 848 2914 XXI,
876 2864 942 2906 25.
