1764 3096
736 27 753 34 ο

529 123 575 152 m
608 108 806 150 GENEsm
836 107 1037 150 HommA
1068 109 1099 150 Ι.
1445 112 1529 155 115

108 223 164 264 Et
192 222 342 264 iterum
375 220 496 263 dicit:
546 220 689 271 „Deus
707 217 750 276 ¹)
782 218 1085 276 approximans
1117 234 1191 271 ego
1222 235 1338 269 sum,
1368 230 1407 261 et
1435 238 1528 263 non

104 300 221 342 Deus
253 301 305 341 de
335 300 501 350 longe.“
566 298 666 338 Non
705 295 898 337 similiter
936 306 1078 337 tamen
1109 294 1298 338 venimus
1342 297 1394 337 ad
1428 314 1525 338 eum

81 393 278 440 xomnes,
319 376 390 417 sed
422 373 712 429 unusquisque
747 375 981 415 secundum
1019 372 1243 430 propriam
1283 389 1402 415 suam
1443 374 1526 415 vir-

105 465 250 497 tutem.
307 453 393 492 Aut
434 451 545 492 enim
589 466 684 491 cum
726 450 862 492 turbis
900 450 1091 492 venimus
1121 451 1174 492 ad
1207 466 1325 499 eum,
1373 461 1412 491 et
1449 467 1527 506 per

108 529 332 586 parabolas
362 544 440 569 nos
473 527 606 569 reficit
636 528 690 568 ad
721 527 805 568 hoc
837 528 1165 576 tantummodo,
1208 543 1263 567 ne
1293 526 1435 568 multis
1465 526 1527 584 je-

103 606 228 663 juniis
261 605 504 646 deficiamus
534 605 576 645 in
608 604 699 646 via:
741 615 813 645 aut
855 615 966 645 certe
1005 620 1173 659 semper
1212 615 1252 645 et
1280 602 1524 645 indesinen-

101 694 164 723 ter
196 680 281 738 ejus
310 681 491 738 pedibus
522 680 825 736 assidemus,2)
862 693 1055 723 vacantes
1087 683 1141 722 ad
1170 681 1256 723 hoc
1285 682 1447 731 solum,
1479 693 1526 722 ut

101 755 323 801 audiamus
352 761 528 800 verbum
560 756 674 815 ejus,
716 775 989 814 nequaquam
1019 758 1256 813 perturbati
1287 774 1380 810 erga
1413 759 1525 800 mul-

99 849 188 878 tum
220 835 514 884 ministerium,
541 838 614 878 sed
631 836 836 892 optimam
862 847 1027 891 partem
1060 835 1268 887 eligentes,
1299 851 1405 890 quae
1434 851 1525 877 non

101 915 315 955 auferetur
345 930 367 954 a
397 912 537 954 nobis.
610 914 665 955 Et
694 913 839 969 utique
883 912 957 968 qui
995 913 1053 954 sic
1084 913 1296 953 accedunt
1327 914 1379 954 ad
1412 928 1524 961 eum,

99 992 234 1031 multo
267 990 445 1046 amplius
477 1005 524 1030 ex
555 987 642 1044 ejus
671 990 833 1031 lumine
866 1001 1197 1046 consequuntur.
1258 989 1303 1031 Si
1339 1006 1436 1031 vero
1469 988 1524 1032 si-

100 1081 168 1108 cut
199 1067 396 1122 Apostoli
425 1083 635 1121 nusquam
668 1068 846 1109 omnino
882 1083 1132 1108 moveamur
1152 1067 1204 1108 ab
1224 1083 1288 1116 eo,
1319 1068 1391 1107 sed
1413 1083 1523 1107 sem-

98 1161 176 1200 per
216 1161 314 1185 cum
364 1160 413 1185 eo
460 1160 787 1200 permaneamus
827 1145 871 1186 in
904 1124 1124 1185 ‘omnibus
1173 1143 1524 1185 tribulationibus

98 1220 211 1278 ejus,
240 1232 342 1262 tunc
372 1222 499 1261 nobis
529 1232 690 1262 secreto
724 1238 789 1271 ea,
833 1238 941 1277 quae
971 1223 1024 1263 ad
1055 1221 1200 1263 turbas
1230 1221 1398 1263 locutus
1429 1223 1522 1262 fue-

97 1310 184 1349 rat,
225 1299 419 1353 exponit,
461 1308 587 1352 atque
626 1297 832 1348 dissolvit,
873 1311 911 1339 et
949 1299 1084 1339 multo
1130 1299 1281 1339 clarius
1311 1297 1524 1340 illuminat

99 1391 192 1416 nos·
252 1372 298 1414 Si
329 1389 427 1413 vero
461 1373 584 1414 etiam
615 1375 706 1416 talis
737 1374 828 1430 quis
859 1376 996 1423 fuerit,
1026 1386 1073 1416 ut
1093 1375 1224 1431 possit
1255 1386 1293 1416 et
1322 1375 1365 1416 in
1396 1392 1524 1416 mon-

98 1463 182 1492 tem
215 1451 471 1491 adscendere
503 1467 599 1492 cum
633 1468 705 1500 e0,
752 1451 858 1493 sicut
888 1451 1036 1493 Petrus
1078 1463 1115 1493 et
1146 1452 1335 1493 Jacobus
1375 1463 1413 1492 et
1442 1452 1522 1492 Jo-
1569 1485 1577 1487 μ

99 1543 251 1576 annes,
289 1527 364 1567 iste
393 1543 482 1567 non
523 1529 662 1568 solum
696 1527 852 1569 Christi
893 1527 1078 1579 lumine,
1115 1530 1187 1569 sed
1228 1529 1353 1570 etiarn
1392 1528 1522 1585 patris

96 1604 226 1660 ipsius
255 1602 565 1644 illuminabitur
593 1619 711 1644 voce.

209 1681 247 1723 8.
279 1679 420 1734 „Et3)
453 1679 553 1720 dixit
583 1679 724 1721 Deus:
761 1681 1005 1736 producant
1046 1698 1180 1737 aquae
1210 1682 1398 1750 repentia
1431 1683 1523 1724 ani·

96 1771 264 1798 marum
295 1757 498 1807 vivarum,
531 1768 571 1798 et
599 1757 788 1800 volatilia
819 1759 1003 1800 volantia
1027 1775 1156 1816 super
1184 1771 1338 1801 terram
1370 1776 1522 1801 secun-

97 1835 200 1876 dum
219 1835 534 1876 firmamentum
558 1835 678 1876 coeli.
732 1834 785 1876 Et
806 1837 964 1878 factum
985 1849 1043 1878 est
1063 1837 1164 1878 sic.“
1204 1837 1451 1879 Secundum
1471 1838 1522 1877 li-

95 1924 228 1954 teram
259 1910 373 1969 jussu
402 1911 485 1951 Dei
515 1913 817 1966 producuntur
857 1914 909 1954 ab
953 1914 1070 1970 aquis
1111 1914 1303 1970 repentia
1335 1925 1374 1953 et
1402 1915 1520 1954 vola-

96 1987 206 2037 tilia,
238 1999 277 2028 et
306 1988 433 2036 haec,
474 2003 582 2042 quae
612 1988 826 2049 videmus,
869 2006 890 2031 a
923 2007 1008 2045 quo
1042 1991 1125 2032 sint
1156 1995 1263 2032 facta
1295 1989 1520 2042 cognosci-

96 2062 204 2106 mus.
261 2063 348 2106 Sed
379 2063 606 2115 videamus,
637 2067 862 2120 quomodo
896 2067 1018 2108 etiam
1058 2068 1292 2108 secundum
1323 2080 1519 2109 nostrum

96 2140 414 2182 firmamentum
447 2141 580 2189 coeli,
618 2141 663 2182 id
695 2153 774 2191 est,
811 2143 963 2185 mentis
991 2155 1160 2185 nostrae
1187 2145 1251 2184 vel
1282 2145 1421 2185 cordis
1450 2161 1520 2186 so-

34 2269 39 2272 ,
95 2217 314 2267 liditatem,
344 2216 450 2257 haee
483 2217 630 2258 eadem
662 2210 776 2260 fiant.
845 2220 1058 2272 Arbitror,
1088 2221 1199 2277 quia,
1228 2222 1262 2262 si
1290 2238 1410 2263 mens
1439 2238 1520 2263 no-

94 2305 180 2335 stra
209 2292 450 2336 illuminata
481 2294 607 2335 suerit
638 2312 660 2336 a
682 2308 830 2338 nostro
857 2297 960 2348 sole,
995 2296 1180 2348 Christo,
1210 2297 1381 2356 jubetur
1400 2310 1519 2354 post-

96 2371 278 2412 modum
311 2387 357 2412 ex
388 2371 477 2422 his,
507 2388 615 2428 quae
644 2372 689 2413 in
724 2390 771 2414 ea
800 2387 915 2426 sunt,
947 2375 1064 2431 aquis
1093 2377 1336 2432 producere
1364 2392 1519 2432 repen-

98 2446 156 2488 tia
186 2458 226 2487 et
254 2448 439 2490 volatilia
471 2450 668 2500 volantia,
699 2449 744 2492 id
776 2463 847 2501 est,
878 2452 1150 2505 cogitationes
1173 2455 1308 2494 bonas
1332 2455 1396 2495 vel
1424 2469 1516 2494 ma·-

97 2522 158 2564 las
187 2525 381 2578 proferre
409 2524 453 2568 in
484 2527 688 2577 medium,
718 2539 766 2569 ut
793 2527 989 2570 discretio
1022 2530 1096 2571 fiat
1124 2531 1343 2572 bonorum
1376 2547 1397 2570 a
1427 2547 1519 2572 ma-

97 2599 162 2648 lis,
192 2614 299 2654 quae
328 2601 475 2658 utique
514 2615 692 2661 utraque
730 2621 777 2647 ex
813 2608 946 2648 corde
977 2608 1230 2664 procedunt.
1288 2607 1356 2648 De
1388 2607 1518 2648 corde

219 2780 262 2835 ¹)
292 2780 449 2824 Jerem.
482 2784 645 2834 XXIII,
671 2786 740 2829 23.
856 2786 907 2841 ²)
936 2786 1022 2829 Cfr.
1055 2787 1156 2829 Luc.
1186 2787 1240 2840 X,
1270 2789 1337 2834 39.

214 2848 261 2905 ³)
294 2850 445 2897 Genes.
475 2853 506 2904 l,
535 2854 603 2895 20.
918 2860 919 2863 ’

1127 2932 1182 2974 8*
