1764 3096
476 126 522 156 m
566 112 765 156 GENEsm
795 112 996 154 HommA
1025 112 1119 154 XV.
1422 115 1505 159 265

96 245 184 270 non
213 228 363 277 Jacob,
393 228 466 268 sed
497 227 624 268 Israel
655 224 773 266 dicit:
808 243 1036 279 „magnum
1057 225 1099 280 ¹)
1128 224 1234 266 mihi
1266 237 1338 275 est,
1366 225 1399 267 si
1429 228 1504 266 ad-

96 308 179 347 huc
209 304 318 346 filius
348 321 466 345 meus
496 304 657 359 Joscph
684 302 822 343 vivit.“
888 305 975 345 Sed
1002 315 1045 344 et
1075 301 1314 360 cumlvenit
1343 303 1396 342 ad
1425 319 1505 357 pu-

96 394 211 422 teum
247 379 496 436 juramenti,
541 393 580 421 et
618 380 745 421 offert
782 380 938 422 hostias
982 381 1078 421 Deo
1118 379 1247 435 patris
1287 378 1350 419 sui
1380 379 1508 427 Isaac,

26 459 31 463 ’
91 475 185 499 non
215 459 353 498 Jacob
386 458 560 506 dicitur,
601 457 675 498 sed
715 456 854 498 Israel.
929 459 1089 498 Verum
1120 457 1152 498 si
1182 456 1392 512 requiras,
1433 473 1508 496 cur

93 534 139 574 in
170 533 256 576 visu
285 547 412 576 nocte
442 536 620 590 loquens
651 535 705 574 ad
736 550 832 575 eum
850 535 981 584 Deus,
1012 551 1103 575 non
1136 534 1235 576 dicit
1262 534 1403 582 Israel,
1434 533 1508 573 sed

94 612 247 661 Jacob,
276 614 387 653 forte
426 623 603 667 propter
639 612 743 660 hoc,
785 609 883 665 quia
912 627 997 651 nox
1029 623 1136 660 erat,
1181 623 1221 652 et
1259 612 1396 651 adhuc
1432 627 1510 665 per

94 687 253 738 visum,
295 701 335 730 et
373 690 569 729 nondum
604 689 744 745 palam
776 704 924 727 vocem
961 687 1045 727 Dei
1077 687 1224 729 audire
1253 689 1507 729 merebatur.

93 765 151 806 Et
181 782 275 806 cum
305 765 433 805 intrat
463 765 508 806 in
538 767 796 824 Aegyptum,
825 781 916 805 non
944 763 1096 813 Israel,
1133 767 1207 805 sed
1237 766 1372 806 Jacob
1406 764 1508 806 dici-

94 854 176 892 tur,
208 854 248 884 et
276 842 353 883 filii
383 841 472 899 ejus
503 860 600 883 cum
629 843 748 898 ipso:
796 852 837 882 et
867 857 962 881 cum
993 852 1073 881 stat
1102 854 1199 882 ante
1228 842 1511 892 Pharaonem,

93 931 141 961 ut
169 920 392 961 benedicat
422 936 532 969 eum,
563 936 652 960 non
683 919 822 967 Israel,
852 918 925 958 sed
943 917 1081 959 Jacob
1107 920 1367 962 nominatur.
1426 921 1509 961 Ne-

97 1014 179 1052 que
218 998 330 1039 enim
371 996 565 1053 capiebat
602 995 770 1036 Pharao
818 995 978 1036 Israelis
1027 996 1383 1039 benedictionem.
1457 998 1514 1038 Et

96 1075 236 1116 Jacob
276 1091 365 1116 non
405 1073 533 1115 Israel
573 1083 650 1121 est,
701 1071 774 1127 qui
812 1073 914 1114 dicit
951 1073 1004 1113 ad
1037 1072 1382 1129 Pharaonem,²)
1415 1076 1513 1132 quia

94 1152 214 1208 parvi
244 1164 284 1193 et
314 1151 482 1208 pessimi
511 1162 607 1192 sunt
639 1149 725 1190 dies
755 1148 862 1189 vitae
891 1165 1001 1190 snae.
1062 1148 1196 1204 Quod
1226 1151 1372 1206 utique
1400 1170 1512 1193 nun-

97 1245 224 1285 quam
252 1229 411 1270 diceret
440 1228 577 1269 Israel.
635 1225 738 1268 Post
769 1227 872 1268 haec
902 1244 1028 1276 vero,
1055 1244 1147 1268 non
1178 1229 1231 1269 de
1260 1229 1410 1279 Jacob,
1439 1233 1514 1275 sed

97 1308 151 1347 de
180 1306 309 1346 Israel
340 1305 506 1354 dicitur,
540 1303 637 1359 quia
668 1303 920 1360 ‚‚v0cavit³)
949 1305 1084 1345 filium
1114 1323 1238 1346 suum
1268 1306 1444 1362 Joseph,
1477 1321 1517 1350 et

100 1383 201 1424 dixit
218 1382 263 1437 ⁴)
295 1382 353 1423 ei:
384 1382 417 1423 si
449 1381 591 1422 inveni
621 1381 794 1433 gratiam
823 1381 868 1421 in
899 1393 1131 1437 conspectu
1160 1393 1248 1433 tuo,
1278 1400 1394 1438 pone
1422 1402 1514 1426 ma-

95 1475 199 1499 num
231 1471 346 1500 tuam
376 1460 454 1500 sub
495 1460 659 1499 femore
689 1475 810 1508 mec,
850 1470 889 1499 et
927 1459 1053 1500 facies
1081 1475 1209 1516 super
1247 1477 1318 1501 me
1353 1461 1517 1504 miseri-

99 1536 294 1577 cordiam
326 1548 364 1577 et
395 1535 652 1577 veritatem.“
719 1536 775 1576 Et
819 1536 893 1591 qui
932 1537 1123 1578 adoravit
1151 1554 1280 1592 super
1308 1538 1517 1591 fastigium

98 1611 237 1663 virgae
267 1613 444 1668 Joseph,
474 1630 566 1653 non
597 1624 685 1653 erat
714 1613 877 1662 Jacob,
906 1613 981 1654 sed
1011 1613 1150 1654 Israel.
1218 1614 1329 1655 Tum
1364 1616 1519 1658 deinde

44 1726 53 1733 r,
101 1706 197 1729 cum
228 1689 442 1730 benedicit
471 1688 642 1744 filios⁵)
689 1689 871 1744 Joseph‚
917 1690 1044 1731 Israel
1085 1690 1250 1733 dicitur.
1327 1693 1383 1734 Et
1422 1712 1518 1736 cum

101 1779 312 1808 convocat
341 1766 452 1808 filios
481 1783 602 1815 suos,
649 1765 772 1806 dicit:
811 1767 1138 1822 „convenite,⁶)
1180 1782 1227 1810 ut
1270 1773 1518 1814 annuntiem

99 1844 231 1895 vobis,
262 1860 370 1900 quae
401 1842 593 1885 evenient
621 1843 742 1884 vobis
771 1844 815 1883 in
844 1843 1080 1886 novissimis
1111 1844 1269 1887 diebus.
1330 1847 1522 1900 Congre-

100 1922 259 1973 gamini
290 1921 365 1963 filii
395 1921 548 1971 Jacob,
581 1933 620 1961 et
654 1920 795 1962 audite
824 1922 950 1962 Israel
973 1933 1134 1977 patrem
1153 1930 1375 1964 vestrum.“
1434 1925 1521 1967 Sed

101 2001 275 2042 fortasse
305 1998 514 2053 requires,
544 2013 673 2051 quare
709 1997 784 2037 filii
821 1997 958 2038 Jacob
992 1997 1213 2048 dicuntur,
1255 1999 1327 2056 qui
1366 2018 1519 2043 conve-

100 2076 246 2126 niunt;
281 2073 410 2115 Israel
449 2090 548 2114 vero
582 2073 754 2123 dicitur,
793 2073 862 2128 qui
901 2074 1115 2115 benedicit
1155 2092 1242 2122 eos.
1306 2078 1428 2129 Vide,
1467 2097 1523 2120 ne

102 2154 213 2193 sorte
243 2151 328 2191 hoc
356 2149 579 2200 indicetur,
612 2152 729 2206 quod
759 2149 821 2191 illi
850 2152 1047 2191 nondum
1081 2167 1132 2192 eo
1162 2170 1296 2208 usque
1325 2157 1521 2210 profece-

101 2240 211 2277 rant,
244 2239 286 2268 ut
315 2226 442 2269 Israel
472 2227 632 2268 meritis
664 2239 958 2282 aequarentur.
1027 2229 1083 2269 Et
1120 2228 1219 2271 ideo
1251 2230 1312 2272 illi
1342 2232 1416 2274 filii
1445 2235 1520 2274 Ja-

6 2340 7 2347 ,
50 2339 55 2342 »
105 2307 186 2346 cob
219 2303 418 2345 dicuntur
447 2315 650 2359 tanquam
679 2303 922 2355 inferiores,
951 2305 1024 2346 ille
1053 2322 1176 2355 vero,
1208 2308 1280 2363 qui
1307 2307 1390 2364 jam
1422 2327 1523 2365 per-

103 2385 236 2425 fectus
282 2393 390 2430 erat,
430 2393 469 2422 et
506 2382 824 2424 benedictiones
862 2385 1106 2424 futurorum
1149 2384 1340 2427 conscius
1382 2388 1522 2438 dabat,

105 2459 232 2501 Israel
263 2459 566 2514 appellabatur.
628 2460 740 2509 Sanc
770 2462 890 2518 quod
929 2461 1104 2511 dicitur,
1139 2461 1236 2516 quia
1266 2463 1523 2518 sepelierunt

225 2642 269 2695 ¹)
301 2641 452 2682 Genes.
481 2640 610 2690 XLV,
640 2642 706 2684 28.
826 2642 870 2698 ²)
904 2642 1055 2684 Genes.
1086 2643 1256 2693 XLVII,
1288 2646 1328 2689 9.

226 2712 271 2764 ³)
304 2710 455 2752 Genes.
486 2710 659 2761 XLVII,
688 2711 755 2754 29.
879 2711 923 2767 4)
955 2713 1063 2755 Edd.
1095 2714 1292 2755 Merlini:
1323 2715 1435 2759 dicit.

227 2782 272 2831 ⁵)
302 2780 381 2821 Ed.
415 2780 569 2821 Ruaei:
600 2782 702 2830 filio.
732 2810 787 2819 —
819 2783 906 2825 Csr.
941 2783 1091 2827 Genes.
1121 2783 1316 2827 XLVIII.

227 2850 275 2905 ⁶)
307 2848 459 2894 Genes.
491 2850 644 2900 XLIX,
675 2853 710 2893 1·
742 2855 780 2895 2.
