1764 3096
455 85 894 128 COMMENTAmonUM
924 85 1062 125 ΤοΜο
1093 83 1165 124 ΙΙΙ.
1456 84 1511 128 13

107 197 406 257 προγνώσεως
433 195 537 245 τοὺς
563 193 748 252 λόγους,
803 191 1079 248 κατανοήσαι
1116 190 1197 249 τ’ἱν,
1251 190 1317 237 ὅτι
1354 191 1453 238 οὔτε
1484 194 1508 237 ὁ

108 274 336 336 προγνοὺς
363 272 541 321 πάντως
570 275 708 321 αἴτιος
744 273 834 315 τῶν
861 273 1280 328 προεγνωσμένων,
1328 266 1429 314 οὕτε
1455 269 1509 313 τὰ

110 353 214 403 τοὺς
243 350 408 400 τύπους
435 349 582 404 τῶνῙ)
621 346 770 405 λόγων
807 351 882 404 τῆς
910 345 1211 405 προγνώσεως
1250 349 1330 391 τοῦ
1369 363 1509 404 προε-

109 427 334 488 γνωκότος
364 423 602 482 δεξάμενα.
653 424 749 469 Ὅτι
777 426 866 482 μὲν
897 421 982 469 οὖν
1002 424 1192 469 ἕκαστον
1225 427 1315 468 τῶν
1344 425 1511 483 ἐσομέ-

110 522 202 551 νων
231 503 320 565 πρό
361 506 532 548 πολλοῦ
575 500 699 547 οἶδεν
737 501 759 546 ὀ
801 501 905 552 θεὸς
941 500 1274 560 γενησόμενον,
1313 504 1389 544 καὶ
1411 518 1512 558 χω-

109 586 176 640 ρὶς
202 583 290 639 μὲν
317 584 498 641 γραφῆς
529 577 726 624 αὐτόθεν
756 580 806 623 ἐκ
834 584 908 636 τῆς
936 581 1114 629 ἑννοίας
1146 581 1222 636 τῆς
1248 582 1354 638 περὶ
1382 581 1510 634 θεοῦ,

109 661 249 715 δῆλον
276 661 339 715 τῷ
369 661 563 702 συνιέντι
592 657 769 713 ἀξίωμα
799 654 1036 714 δυνάμεως
1058 660 1141 701 νοῦ
1171 659 1298 702 θεοῦ.
1525 720 1527 722 q

217 737 257 779 4.
286 739 347 779 Εἰ
376 736 427 780 δὲ
457 736 531 779 δεῖ
554 738 631 778 καὶ
662 734 752 778 ἀπὸ
782 736 872 778 τῶν
900 737 1096 794 γραφῶν
1115 737 1246 779 τοῦτο
1276 735 1513 794 παραστῆ-

107 828 196 868 σαι,
227 810 409 870 πλήρεις
445 815 532 870 μέν
571 815 686 857 εἰσιν
723 813 771 855 αἱ
807 817 1082 871 προφητεῖαι
1112 809 1330 856 τοιούτων
1357 828 1513 869 παρα-

106 888 379 948 δειγμάτων·
410 893 488 933 καὶ
515 888 630 946 τὰῖ)
661 887 774 933 κατὰ
803 888 886 944 τὴν
914 888 1172 934 Σωσάνναν
1211 891 1261 934 δὲ
1291 892 1371 933 τοῦ
1400 891 1513 934 θεοῦ

105 966 407 1026 γινώσκοντος
436 966 488 1011 τὰ
518 963 682 1023 πάντα,
712 968 824 1023 πρὶν
853 969 1068 1024 γενέσεως
1096 967 1258 1023 αὐτῶν,
1291 964 1406 1011 οὕτω
1436 969 1514 1010 λέ-

106 1058 294 1102 γουσαν·
327 1044 448 1102 ,,ὁ3)
480 1041 587 1094 θεὸς
618 1042 640 1087 ὁ
673 1041 866 1099 αἰώνιος,
900 1042 923 1088 ὁ
952 1047 1044 1088 τῶν
1066 1047 1276 1105 κρυπτῶν
1294 1041 1511 1102 γνώστης,

109 1120 132 1165 ὁ
164 1120 294 1171 εῗδώς
324 1120 377 1166 τὰ
405 1119 555 1167 πάντα
585 1124 698 1180 πρὶν
725 1125 943 1179 γενέσεως
972 1121 1136 1177 αὐτῶν,
1172 1120 1226 1165 σὺ
1258 1123 1513 1176 ἐπίστασαι,

109 1196 178 1242 ὅτι
214 1201 361 1255 ψευδῆ
413 1217 505 1257 μου
553 1197 953 1258 κατεμαρτύρησαν
994 1190 1170 1243 οὗτοι.“’
1242 1203 1516 1256 Σαφέστατα

109 1275 160 1318 δὲ
174 1274 221 1331 4)
254 1276 304 1318 ἓν
333 1279 382 1336 τῇ
411 1281 532 1336 τρίτῃ
562 1278 652 1320 τῶν
679 1279 920 1332 βασιλειῶν
948 1278 1026 1318 καὶ
1043 1275 1087 1331 5)
1126 1270 1273 1332 ὄνομα
1301 1273 1515 1332 βασιλεύ-

109 1366 289 1407 σοντος,
307 1352 353 1408 ⁶>
402 1356 478 1396 καὶ
528 1350 712 1412 πράξεις
760 1350 1109 1412 ἀνεγράφησαν,
1154 1351 1244 1412 πρὸ
1289 1350 1516 1397 πλειόνων

110 1429 224 1472 ἐτῶν
254 1430 332 1471 τοῦ
349 1431 560 1485 γενέσθαι
577 1427 956 1489 προᾳητευόμενα
977 1426 1130 1479 οὕτως·
1161 1429 1331 1484 ,,καὶ7)
1355 1431 1516 1484 ἐποίη-

110 1518 190 1549 σεν
217 1503 451 1561 Ἱεροβοὰμ
489 1503 648 1562 ἕορτῶν
686 1507 737 1549 ἒν
765 1509 827 1562 τῷ
864 1508 977 1562 μηνὶ
1005 1508 1067 1562 τῷ
1100 1503 1273 1562 ὀγδόῳ,
1316 1505 1425 1561 ἔνθ)
1462 1508 1513 1565 τῇ

107 1585 291 1641 πέμπτη
321 1584 399 1624 καὶ
429 1578 590 1641 δεκάτῃ
620 1579 767 1641 ἡμέρᾳ
798 1585 878 1625 τοῦ
906 1581 1070 1640 μηνὸς,
1103 1581 1216 1626 κατὰ
1246 1580 1328 1637 τὴν
1356 1580 1516 1642 ἑορτὴν

109 1656 190 1713 τὴν
219 1658 269 1701 ἒν
284 1657 329 1714 9)
358 1660 415 1719 γῇ
455 1655 612 1703 Ιούδα.
684 1662 778 1703 Καὶ
797 1659 866 1715 ¹⁰)
904 1657 1039 1715 ἀνέβη
1077 1659 1154 1703 ἐπὶ
1183 1658 1232 1704 τὸ
1262 1659 1516 1717 θυσιαστή-

225 1790 268 1846 ι)
298 1791 409 1835 Edd.
437 1791 641 1834 Philocal.
680 1793 725 1835 in
762 1804 896 1834 textu:
926 1795 1018 1837 τῶν
1045 1791 1223 1843 τόπων,
1253 1795 1426 1836 eaedem
1453 1807 1515 1837 ta-

108 1864 208 1890 men
235 1848 280 1888 in
301 1848 433 1889 notis:
455 1851 571 1901 „lege
600 1867 698 1890 cum
731 1849 870 1892 Codd.
899 1853 991 1894 τῶν
1023 1847 1218 1907 λόγων.“

222 1918 269 1974 ²)
298 1918 430 1960 Deest
458 1920 572 1974 apud
601 1920 756 1961 Euseb.
789 1920 954 1976 (itemq.
987 1920 1032 1961 in
1062 1932 1175 1962 textu
1206 1922 1298 1963 edd.
1328 1919 1408 1975 Η.)
1447 1918 1514 1963 τά.

109 1973 160 2015 R.
190 1999 242 2008 -
273 1974 425 2015 Euseb.
455 1973 570 2030 μετά
602 1977 730 2016 habet
759 1993 839 2031 pro
871 1974 999 2018 κατά.

224 2044 271 2098 3)
301 2043 458 2088 Histor.
491 2045 672 2086 Susann.
701 2063 736 2085 v.
757 2046 826 2086 42.
844 2045 912 2087 43.
943 2046 1078 2100 (Dan.
1110 2046 1230 2096 ΧΙῙῘ,
1257 2047 1325 2090 42.
1347 2046 1440 2104 43.)

225 2113 270 2168 4)
300 2113 410 2154 Edd.
441 2113 647 2156 Philocal.
677 2115 729 2158 δὲ
758 2116 834 2157 καὶ
863 2115 914 2158 ἓν
943 2118 993 2175 τῇ
1024 2118 1116 2159 κτλ.

225 2182 269 2237 5)
298 2182 407 2224 Edd.
439 2182 643 2225 Philocal.
682 2186 759 2227 καὶ
790 2180 936 2241 ὄνομα
964 2189 1227 2242 βασιλειῶν,
1260 2189 1336 2230 καὶ
1365 2184 1514 2244 ὄνομα

107 2236 480 2294 βασιλεύσαντος,
528 2243 605 2281 καὶ
636 2239 819 2298 πράξεις
859 2245 952 2284 κτλ.
992 2242 1044 2285 Η.
1078 2255 1116 2284 et
1151 2245 1200 2286 R.
1244 2269 1296 2276 ·—
1336 2244 1515 2299 Aliquot

111 2295 250 2341 Codd.
291 2296 390 2390 Bil’ss.
431 2308 543 2338 recte
575 2297 732 2339 habent
772 2296 1115 2353 βασιλεύσοντος
1152 2317 1256 2357 pro:
1299 2298 1515 2356 βασιλεύ-

108 2366 279 2400 σαντος.
332 2370 361 2393 ι.

223 2421 269 2472 Β)
299 2421 456 2463 Euseb.
473 2422 517 2463 in
537 2435 671 2465 textu:
703 2422 1085 2480 ,,βασιλευόντος,“
1111 2426 1156 2467 in
1186 2427 1297 2468 notis
1316 2425 1512 2478 Vigcrus:

112 2478 330 2526 „fortassez
358 2476 738 2531 βασιλεύσοντος.“

225 2545 271 2602 7)
302 2548 320 2586 Ι
350 2547 476 2600 Regg.
505 2549 602 2600 ΧΠ,
630 2552 696 2593 32.
724 2552 792 2595 33.
823 2551 905 2608 (ΙΙΙ
936 2551 1088 2608 Regg.)

225 2615 271 2671 Β)
300 2616 410 2659 Edd.
440 2618 646 2662 Philocal.
678 2621 727 2663 ἕν
755 2624 805 2680 τῇ
836 2620 1209 2682 πεντεκαιδεκάτῃ
1246 2620 1389 2681 ἡμέρᾳ
1418 2624 1511 2665 κτλ.

110 2737 145 2781 Ἰ
183 2682 476 2781 '‘59)“Vigerus
515 2689 561 2730 in
597 2690 707 2734 notis
747 2692 801 2733 ad
828 2691 1083 2735 Eusebium:
1122 2693 1324 2744 „rectiusz
1363 2692 1414 2736 ἐν
1449 2694 1510 2749 τῷ

143 2755 193 2784 ου
228 2755 270 2794 ᾳ.

203 2808 275 2865 ¹⁰)
304 2809 414 2854 Edd.
453 2811 617 2858 Huetii:
659 2817 760 2868 ,,καὶ
800 2818 935 2873 ἀνέβη
975 2818 1051 2863 ἐπὶ
1092 2814 1141 2861 τὸ
1173 2817 1224 2863 ἐν
1262 2815 1453 2873 Bae-9²31&
1486 2812 1510 2859 ὃ
