<?xml version="1.0" encoding="UTF-8"?>
<!DOCTYPE html PUBLIC "-//W3C//DTD XHTML 1.0 Transitional//EN"
    "http://www.w3.org/TR/xhtml1/DTD/xhtml1-transitional.dtd">
<html xmlns="http://www.w3.org/1999/xhtml" xml:lang="en" lang="en">
 <head>
  <title>
</title>
<meta http-equiv="Content-Type" content="text/html;charset=utf-8" />
  <meta name='ocr-system' content='tesseract 3.04.00' />
  <meta name='ocr-capabilities' content='ocr_page ocr_carea ocr_par ocr_line ocrx_word'/>
</head>
<body>
  <div class='ocr_page' id='page_1' title='image "./operaomniaquaegr08orig_0139.png"; bbox 0 0 1764 3096; ppageno 0'>
   <div class='ocr_carea' id='block_1_1' title="bbox 0 1895 40 3096">
    <p class='ocr_par' dir='ltr' id='par_1_1' title="bbox 0 1895 40 3096">
     <span class='ocr_line' id='line_1_1' title="bbox 0 1895 40 3096; baseline 0 0"><span class='ocrx_word' id='word_1_1' title='bbox 0 1895 40 3096; x_wconf 95' lang='lat' dir='ltr'> </span> 
     </span>
    </p>
   </div>
   <div class='ocr_carea' id='block_1_2' title="bbox 487 93 1476 143">
    <p class='ocr_par' dir='ltr' id='par_1_2' title="bbox 487 93 1476 143">
     <span class='ocr_line' id='line_1_2' title="bbox 487 93 1476 143; baseline -0.008 0"><span class='ocrx_word' id='word_1_2' title='bbox 487 112 534 143; x_wconf 75' lang='lat' dir='ltr'>m</span> <span class='ocrx_word' id='word_1_3' title='bbox 566 97 765 141; x_wconf 74' lang='lat' dir='ltr'>GENEsm</span> <span class='ocrx_word' id='word_1_4' title='bbox 793 93 996 137; x_wconf 75' lang='lat' dir='ltr'>HommA</span> <span class='ocrx_word' id='word_1_5' title='bbox 1022 94 1054 137; x_wconf 88' lang='grc' dir='ltr'>Ι.</span> <span class='ocrx_word' id='word_1_6' title='bbox 1395 95 1476 138; x_wconf 84' lang='grc'>127</span> 
     </span>
    </p>
   </div>
   <div class='ocr_carea' id='block_1_3' title="bbox 6 205 1509 2585">
    <p class='ocr_par' dir='ltr' id='par_1_3' title="bbox 6 205 1509 2585">
     <span class='ocr_line' id='line_1_3' title="bbox 64 205 1477 274; baseline -0.01 -15"><span class='ocrx_word' id='word_1_7' title='bbox 64 217 183 274; x_wconf 86' lang='lat' dir='ltr'>quod</span> <span class='ocrx_word' id='word_1_8' title='bbox 214 214 314 258; x_wconf 81' lang='lat' dir='ltr'>dicit</span> <span class='ocrx_word' id='word_1_9' title='bbox 342 213 481 254; x_wconf 86' lang='lat' dir='ltr'>Deus:</span> <span class='ocrx_word' id='word_1_10' title='bbox 511 206 799 263; x_wconf 78' lang='lat' dir='ltr'>,‚faciamus¹)</span> <span class='ocrx_word' id='word_1_11' title='bbox 829 206 1099 255; x_wconf 81' lang='lat' dir='ltr'>hominem‚“</span> <span class='ocrx_word' id='word_1_12' title='bbox 1129 217 1167 246; x_wconf 82' lang='lat' dir='ltr'>et</span> <span class='ocrx_word' id='word_1_13' title='bbox 1197 205 1373 262; x_wconf 79' lang='lat' dir='ltr'>reliqua,</span> <span class='ocrx_word' id='word_1_14' title='bbox 1402 209 1477 250; x_wconf 85' lang='lat' dir='ltr'>ubi</span> 
     </span>
     <span class='ocr_line' id='line_1_4' title="bbox 64 282 1478 347; baseline -0.007 -12"><span class='ocrx_word' id='word_1_15' title='bbox 64 293 185 335; x_wconf 89' lang='lat' dir='ltr'>dicit:</span> <span class='ocrx_word' id='word_1_16' title='bbox 214 304 281 344; x_wconf 90' lang='lat' dir='ltr'>„et</span> <span class='ocrx_word' id='word_1_17' title='bbox 293 291 338 347; x_wconf 84' lang='grc'>2)</span> <span class='ocrx_word' id='word_1_18' title='bbox 368 288 612 331; x_wconf 70' lang='lat' dir='ltr'><strong>dominetur</strong></span> <span class='ocrx_word' id='word_1_19' title='bbox 635 285 814 342; x_wconf 83' lang='lat' dir='ltr'>piscium</span> <span class='ocrx_word' id='word_1_20' title='bbox 835 285 976 335; x_wconf 87' lang='lat' dir='ltr'>maris,</span> <span class='ocrx_word' id='word_1_21' title='bbox 1005 295 1044 325; x_wconf 88' lang='lat' dir='ltr'>et</span> <span class='ocrx_word' id='word_1_22' title='bbox 1064 282 1297 324; x_wconf 75' lang='lat' dir='ltr'>v0!atilium</span> <span class='ocrx_word' id='word_1_23' title='bbox 1330 285 1478 334; x_wconf 83' lang='lat' dir='ltr'>coeli,“</span> 
     </span>
     <span class='ocr_line' id='line_1_5' title="bbox 65 360 1477 416; baseline -0.008 -4"><span class='ocrx_word' id='word_1_24' title='bbox 65 382 103 412; x_wconf 89' lang='lat' dir='ltr'>et</span> <span class='ocrx_word' id='word_1_25' title='bbox 137 382 282 411; x_wconf 84' lang='lat' dir='ltr'>cetera.</span> <span class='ocrx_word' id='word_1_26' title='bbox 351 365 598 408; x_wconf 81' lang='lat' dir='ltr'>Secundum</span> <span class='ocrx_word' id='word_1_27' title='bbox 638 363 886 416; x_wconf 81' lang='lat' dir='ltr'>allegoriam</span> <span class='ocrx_word' id='word_1_28' title='bbox 924 375 1065 404; x_wconf 84' lang='lat' dir='ltr'>tamen</span> <span class='ocrx_word' id='word_1_29' title='bbox 1105 360 1150 401; x_wconf 84' lang='lat' dir='ltr'>in</span> <span class='ocrx_word' id='word_1_30' title='bbox 1179 360 1391 415; x_wconf 84' lang='lat' dir='ltr'>piscibus,</span> <span class='ocrx_word' id='word_1_31' title='bbox 1437 372 1477 401; x_wconf 91' lang='lat' dir='ltr'>et</span> 
     </span>
     <span class='ocr_line' id='line_1_6' title="bbox 63 438 1478 497; baseline -0.006 -8"><span class='ocrx_word' id='word_1_32' title='bbox 63 446 319 492; x_wconf 79' lang='lat' dir='ltr'>volatilibus,</span> <span class='ocrx_word' id='word_1_33' title='bbox 360 444 425 484; x_wconf 86' lang='lat' dir='ltr'>vel</span> <span class='ocrx_word' id='word_1_34' title='bbox 463 440 716 485; x_wconf 70' lang='lat' dir='ltr'>animalibus</span> <span class='ocrx_word' id='word_1_35' title='bbox 757 452 798 482; x_wconf 85' lang='lat' dir='ltr'>et</span> <span class='ocrx_word' id='word_1_36' title='bbox 835 440 1080 497; x_wconf 86' lang='lat' dir='ltr'>repentibus</span> <span class='ocrx_word' id='word_1_37' title='bbox 1118 449 1254 479; x_wconf 85' lang='lat' dir='ltr'>terrae</span> <span class='ocrx_word' id='word_1_38' title='bbox 1295 455 1341 479; x_wconf 83' lang='lat' dir='ltr'>ea</span> <span class='ocrx_word' id='word_1_39' title='bbox 1372 438 1478 480; x_wconf 79' lang='lat' dir='ltr'>mihi</span> 
     </span>
     <span class='ocr_line' id='line_1_7' title="bbox 62 505 1476 574; baseline -0.007 -8"><span class='ocrx_word' id='word_1_40' title='bbox 62 525 256 566; x_wconf 88' lang='lat' dir='ltr'>videntur</span> <span class='ocrx_word' id='word_1_41' title='bbox 283 520 475 570; x_wconf 84' lang='lat' dir='ltr'>indicari,</span> <span class='ocrx_word' id='word_1_42' title='bbox 505 521 559 561; x_wconf 87' lang='lat' dir='ltr'>de</span> <span class='ocrx_word' id='word_1_43' title='bbox 589 519 742 574; x_wconf 84' lang='lat' dir='ltr'>quibus</span> <span class='ocrx_word' id='word_1_44' title='bbox 761 518 1040 559; x_wconf 88' lang='lat' dir='ltr'>nihilominus</span> <span class='ocrx_word' id='word_1_45' title='bbox 1061 505 1252 573; x_wconf 66' lang='lat' dir='ltr'>superius</span> <span class='ocrx_word' id='word_1_46' title='bbox 1283 516 1476 566; x_wconf 82' lang='lat' dir='ltr'>diximus,</span> 
     </span>
     <span class='ocr_line' id='line_1_8' title="bbox 61 593 1478 651; baseline -0.006 -10"><span class='ocrx_word' id='word_1_47' title='bbox 61 601 105 641; x_wconf 88' lang='lat' dir='ltr'>id</span> <span class='ocrx_word' id='word_1_48' title='bbox 135 610 213 647; x_wconf 88' lang='lat' dir='ltr'>est,</span> <span class='ocrx_word' id='word_1_49' title='bbox 259 599 322 638; x_wconf 84' lang='lat' dir='ltr'>vel</span> <span class='ocrx_word' id='word_1_50' title='bbox 354 613 462 651; x_wconf 89' lang='lat' dir='ltr'>quae</span> <span class='ocrx_word' id='word_1_51' title='bbox 502 598 555 638; x_wconf 91' lang='lat' dir='ltr'>de</span> <span class='ocrx_word' id='word_1_52' title='bbox 584 613 707 638; x_wconf 89' lang='lat' dir='ltr'>sensu</span> <span class='ocrx_word' id='word_1_53' title='bbox 739 596 924 646; x_wconf 85' lang='lat' dir='ltr'>animae,</span> <span class='ocrx_word' id='word_1_54' title='bbox 970 607 1009 636; x_wconf 87' lang='lat' dir='ltr'>ct</span> <span class='ocrx_word' id='word_1_55' title='bbox 1050 593 1189 635; x_wconf 85' lang='lat' dir='ltr'>cordis</span> <span class='ocrx_word' id='word_1_56' title='bbox 1221 593 1478 644; x_wconf 81' lang='lat' dir='ltr'>cogitatione</span> 
     </span>
     <span class='ocr_line' id='line_1_9' title="bbox 58 671 1477 732; baseline -0.004 -16"><span class='ocrx_word' id='word_1_57' title='bbox 58 675 318 732; x_wconf 87' lang='lat' dir='ltr'>procedunt,</span> <span class='ocrx_word' id='word_1_58' title='bbox 348 675 411 715; x_wconf 90' lang='lat' dir='ltr'>vel</span> <span class='ocrx_word' id='word_1_59' title='bbox 442 690 551 730; x_wconf 86' lang='lat' dir='ltr'>quae</span> <span class='ocrx_word' id='word_1_60' title='bbox 583 690 629 714; x_wconf 79' lang='lat' dir='ltr'>ex</span> <span class='ocrx_word' id='word_1_61' title='bbox 663 673 878 714; x_wconf 81' lang='lat' dir='ltr'>desideriis</span> <span class='ocrx_word' id='word_1_62' title='bbox 912 672 1231 728; x_wconf 73' lang='lat' dir='ltr'>corporalibus,</span> <span class='ocrx_word' id='word_1_63' title='bbox 1271 681 1309 711; x_wconf 86' lang='lat' dir='ltr'>et</span> <span class='ocrx_word' id='word_1_64' title='bbox 1339 671 1477 711; x_wconf 83' lang='lat' dir='ltr'>carnis</span> 
     </span>
     <span class='ocr_line' id='line_1_10' title="bbox 59 747 1475 808; baseline -0.004 -14"><span class='ocrx_word' id='word_1_65' title='bbox 59 752 245 794; x_wconf 83' lang='lat' dir='ltr'>motibus</span> <span class='ocrx_word' id='word_1_66' title='bbox 276 753 575 808; x_wconf 84' lang='lat' dir='ltr'>proferuntur:</span> <span class='ocrx_word' id='word_1_67' title='bbox 608 768 792 807; x_wconf 86' lang='lat' dir='ltr'>quorum</span> <span class='ocrx_word' id='word_1_68' title='bbox 823 747 956 791; x_wconf 81' lang='lat' dir='ltr'>sancti</span> <span class='ocrx_word' id='word_1_69' title='bbox 977 749 1135 804; x_wconf 84' lang='lat' dir='ltr'>quique</span> <span class='ocrx_word' id='word_1_70' title='bbox 1155 759 1194 788; x_wconf 86' lang='lat' dir='ltr'>et</span> <span class='ocrx_word' id='word_1_71' title='bbox 1209 747 1475 789; x_wconf 86' lang='lat' dir='ltr'>benedictio-</span> 
     </span>
     <span class='ocr_line' id='line_1_11' title="bbox 58 826 1477 883; baseline -0.004 -13"><span class='ocrx_word' id='word_1_72' title='bbox 58 846 156 871; x_wconf 86' lang='lat' dir='ltr'>nem</span> <span class='ocrx_word' id='word_1_73' title='bbox 186 829 270 870; x_wconf 84' lang='lat' dir='ltr'>Dei</span> <span class='ocrx_word' id='word_1_74' title='bbox 298 827 343 868; x_wconf 87' lang='lat' dir='ltr'>in</span> <span class='ocrx_word' id='word_1_75' title='bbox 372 839 502 869; x_wconf 87' lang='lat' dir='ltr'>semet</span> <span class='ocrx_word' id='word_1_76' title='bbox 530 827 630 883; x_wconf 88' lang='lat' dir='ltr'>ipsis</span> <span class='ocrx_word' id='word_1_77' title='bbox 655 840 877 877; x_wconf 84' lang='lat' dir='ltr'>servantes,</span> <span class='ocrx_word' id='word_1_78' title='bbox 908 826 1249 869; x_wconf 70' lang='lat' dir='ltr'>dominationem</span> <span class='ocrx_word' id='word_1_79' title='bbox 1271 837 1477 874; x_wconf 78' lang='lat' dir='ltr'>exercent,</span> 
     </span>
     <span class='ocr_line' id='line_1_12' title="bbox 58 903 1476 960; baseline -0.002 -13"><span class='ocrx_word' id='word_1_80' title='bbox 58 906 224 958; x_wconf 80' lang='lat' dir='ltr'>agentes</span> <span class='ocrx_word' id='word_1_81' title='bbox 263 918 399 947; x_wconf 84' lang='lat' dir='ltr'>totum</span> <span class='ocrx_word' id='word_1_82' title='bbox 450 905 670 947; x_wconf 87' lang='lat' dir='ltr'>hominem</span> <span class='ocrx_word' id='word_1_83' title='bbox 719 907 956 947; x_wconf 87' lang='lat' dir='ltr'>secundum</span> <span class='ocrx_word' id='word_1_84' title='bbox 996 903 1165 960; x_wconf 89' lang='lat' dir='ltr'>spiritus</span> <span class='ocrx_word' id='word_1_85' title='bbox 1200 904 1476 944; x_wconf 79' lang='lat' dir='ltr'>voluntatem.</span> 
     </span>
     <span class='ocr_line' id='line_1_13' title="bbox 58 980 1476 1039; baseline -0.002 -15"><span class='ocrx_word' id='word_1_86' title='bbox 58 983 361 1025; x_wconf 86' lang='lat' dir='ltr'>Peccatoribus</span> <span class='ocrx_word' id='word_1_87' title='bbox 390 1000 490 1025; x_wconf 85' lang='lat' dir='ltr'>vero</span> <span class='ocrx_word' id='word_1_88' title='bbox 524 983 652 1035; x_wconf 81' lang='lat' dir='ltr'>magis</span> <span class='ocrx_word' id='word_1_89' title='bbox 682 983 770 1039; x_wconf 83' lang='lat' dir='ltr'>ipsa</span> <span class='ocrx_word' id='word_1_90' title='bbox 796 983 1085 1030; x_wconf 81' lang='lat' dir='ltr'>dominantur,</span> <span class='ocrx_word' id='word_1_91' title='bbox 1117 997 1224 1037; x_wconf 84' lang='lat' dir='ltr'>quae</span> <span class='ocrx_word' id='word_1_92' title='bbox 1255 982 1308 1023; x_wconf 90' lang='lat' dir='ltr'>de</span> <span class='ocrx_word' id='word_1_93' title='bbox 1339 980 1476 1022; x_wconf 84' lang='lat' dir='ltr'>carnis</span> 
     </span>
     <span class='ocr_line' id='line_1_14' title="bbox 57 1045 1509 1117; baseline -0.001 -16"><span class='ocrx_word' id='word_1_94' title='bbox 57 1061 176 1111; x_wconf 84' lang='lat' dir='ltr'>vitiis,</span> <span class='ocrx_word' id='word_1_95' title='bbox 208 1073 246 1101; x_wconf 89' lang='lat' dir='ltr'>et</span> <span class='ocrx_word' id='word_1_96' title='bbox 276 1061 469 1116; x_wconf 87' lang='lat' dir='ltr'>corporis</span> <span class='ocrx_word' id='word_1_97' title='bbox 499 1060 784 1116; x_wconf 82' lang='lat' dir='ltr'>voluptatibus</span> <span class='ocrx_word' id='word_1_98' title='bbox 814 1062 1104 1117; x_wconf 85' lang='lat' dir='ltr'>proferuntur.</span> <span class='ocrx_word' id='word_1_99' title='bbox 1506 1045 1509 1047; x_wconf 59' lang='lat'>&gt;</span> 
     </span>
     <span class='ocr_line' id='line_1_15' title="bbox 173 1137 1475 1193; baseline -0.003 -13"><span class='ocrx_word' id='word_1_100' title='bbox 173 1140 237 1181; x_wconf 87' lang='grc'>17.</span> <span class='ocrx_word' id='word_1_101' title='bbox 267 1137 409 1193; x_wconf 81' lang='lat' dir='ltr'>„Et³&gt;</span> <span class='ocrx_word' id='word_1_102' title='bbox 440 1139 542 1180; x_wconf 83' lang='lat' dir='ltr'>dixit</span> <span class='ocrx_word' id='word_1_103' title='bbox 562 1139 700 1179; x_wconf 88' lang='lat' dir='ltr'>Deus:</span> <span class='ocrx_word' id='word_1_104' title='bbox 732 1154 830 1179; x_wconf 90' lang='lat' dir='ltr'>ecce</span> <span class='ocrx_word' id='word_1_105' title='bbox 860 1137 959 1179; x_wconf 83' lang='lat' dir='ltr'>dedi</span> <span class='ocrx_word' id='word_1_106' title='bbox 989 1137 1108 1177; x_wconf 76' lang='lat' dir='ltr'>vobis</span> <span class='ocrx_word' id='word_1_107' title='bbox 1140 1152 1268 1177; x_wconf 87' lang='lat' dir='ltr'>omne</span> <span class='ocrx_word' id='word_1_108' title='bbox 1296 1137 1475 1177; x_wconf 88' lang='lat' dir='ltr'>foenum</span> 
     </span>
     <span class='ocr_line' id='line_1_16' title="bbox 56 1215 1474 1271; baseline -0.004 -13"><span class='ocrx_word' id='word_1_109' title='bbox 56 1215 277 1266; x_wconf 86' lang='lat' dir='ltr'>seminale,</span> <span class='ocrx_word' id='word_1_110' title='bbox 316 1217 433 1271; x_wconf 87' lang='lat' dir='ltr'>quod</span> <span class='ocrx_word' id='word_1_111' title='bbox 473 1216 651 1257; x_wconf 85' lang='lat' dir='ltr'>seminat</span> <span class='ocrx_word' id='word_1_112' title='bbox 687 1232 854 1264; x_wconf 89' lang='lat' dir='ltr'>semen,</span> <span class='ocrx_word' id='word_1_113' title='bbox 899 1216 1015 1270; x_wconf 88' lang='lat' dir='ltr'>quod</span> <span class='ocrx_word' id='word_1_114' title='bbox 1057 1226 1271 1271; x_wconf 75' lang='lat' dir='ltr'>estsuper</span> <span class='ocrx_word' id='word_1_115' title='bbox 1300 1230 1474 1254; x_wconf 87' lang='lat' dir='ltr'>omnem</span> 
     </span>
     <span class='ocr_line' id='line_1_17' title="bbox 57 1293 1475 1348; baseline -0.004 -14"><span class='ocrx_word' id='word_1_116' title='bbox 57 1305 237 1342; x_wconf 68' lang='lat' dir='ltr'>terram,</span> <span class='ocrx_word' id='word_1_117' title='bbox 277 1305 316 1334; x_wconf 90' lang='lat' dir='ltr'>et</span> <span class='ocrx_word' id='word_1_118' title='bbox 348 1308 477 1334; x_wconf 89' lang='lat' dir='ltr'>omne</span> <span class='ocrx_word' id='word_1_119' title='bbox 506 1294 688 1345; x_wconf 84' lang='lat' dir='ltr'>lignum,</span> <span class='ocrx_word' id='word_1_120' title='bbox 726 1294 843 1348; x_wconf 91' lang='lat' dir='ltr'>quod</span> <span class='ocrx_word' id='word_1_121' title='bbox 875 1293 1007 1333; x_wconf 83' lang='lat' dir='ltr'>habet</span> <span class='ocrx_word' id='word_1_122' title='bbox 1035 1293 1079 1333; x_wconf 91' lang='lat' dir='ltr'>in</span> <span class='ocrx_word' id='word_1_123' title='bbox 1124 1308 1167 1332; x_wconf 87' lang='lat' dir='ltr'>se</span> <span class='ocrx_word' id='word_1_124' title='bbox 1196 1293 1381 1332; x_wconf 85' lang='lat' dir='ltr'>fructum</span> <span class='ocrx_word' id='word_1_125' title='bbox 1411 1305 1475 1330; x_wconf 86' lang='lat' dir='ltr'>se-</span> 
     </span>
     <span class='ocr_line' id='line_1_18' title="bbox 56 1366 1476 1419; baseline -0.003 -8"><span class='ocrx_word' id='word_1_126' title='bbox 56 1371 182 1411; x_wconf 87' lang='lat' dir='ltr'>minis</span> <span class='ocrx_word' id='word_1_127' title='bbox 211 1369 445 1419; x_wconf 82' lang='lat' dir='ltr'>seminalis,</span> <span class='ocrx_word' id='word_1_128' title='bbox 485 1371 604 1411; x_wconf 85' lang='lat' dir='ltr'>vobis</span> <span class='ocrx_word' id='word_1_129' title='bbox 644 1370 720 1411; x_wconf 88' lang='lat' dir='ltr'>erit</span> <span class='ocrx_word' id='word_1_130' title='bbox 749 1370 803 1410; x_wconf 85' lang='lat' dir='ltr'>ad</span> <span class='ocrx_word' id='word_1_131' title='bbox 834 1386 997 1419; x_wconf 86' lang='lat' dir='ltr'>escam,</span> <span class='ocrx_word' id='word_1_132' title='bbox 1035 1380 1074 1410; x_wconf 79' lang='lat' dir='ltr'>et</span> <span class='ocrx_word' id='word_1_133' title='bbox 1104 1368 1303 1409; x_wconf 87' lang='lat' dir='ltr'>omnibus</span> <span class='ocrx_word' id='word_1_134' title='bbox 1334 1366 1476 1408; x_wconf 86' lang='lat' dir='ltr'>bestiis</span> 
     </span>
     <span class='ocr_line' id='line_1_19' title="bbox 57 1445 1477 1500; baseline -0.003 -12"><span class='ocrx_word' id='word_1_135' title='bbox 57 1460 206 1497; x_wconf 81' lang='lat' dir='ltr'>terrae,</span> <span class='ocrx_word' id='word_1_136' title='bbox 237 1458 276 1488; x_wconf 91' lang='lat' dir='ltr'>et</span> <span class='ocrx_word' id='word_1_137' title='bbox 306 1447 505 1489; x_wconf 89' lang='lat' dir='ltr'>omnibus</span> <span class='ocrx_word' id='word_1_138' title='bbox 541 1447 780 1489; x_wconf 83' lang='lat' dir='ltr'>volatilibus</span> <span class='ocrx_word' id='word_1_139' title='bbox 812 1445 942 1497; x_wconf 90' lang='lat' dir='ltr'>coeli,</span> <span class='ocrx_word' id='word_1_140' title='bbox 991 1458 1029 1487; x_wconf 86' lang='lat' dir='ltr'>et</span> <span class='ocrx_word' id='word_1_141' title='bbox 1061 1446 1261 1486; x_wconf 86' lang='lat' dir='ltr'>omnibus</span> <span class='ocrx_word' id='word_1_142' title='bbox 1291 1445 1477 1500; x_wconf 86' lang='lat' dir='ltr'>repenti-</span> 
     </span>
     <span class='ocr_line' id='line_1_20' title="bbox 56 1522 1476 1580; baseline -0.002 -16"><span class='ocrx_word' id='word_1_143' title='bbox 56 1525 149 1574; x_wconf 87' lang='lat' dir='ltr'>bus,</span> <span class='ocrx_word' id='word_1_144' title='bbox 179 1541 287 1580; x_wconf 86' lang='lat' dir='ltr'>quae</span> <span class='ocrx_word' id='word_1_145' title='bbox 315 1536 470 1580; x_wconf 87' lang='lat' dir='ltr'>repunt</span> <span class='ocrx_word' id='word_1_146' title='bbox 498 1541 626 1580; x_wconf 89' lang='lat' dir='ltr'>super</span> <span class='ocrx_word' id='word_1_147' title='bbox 655 1537 833 1574; x_wconf 88' lang='lat' dir='ltr'>terram,</span> <span class='ocrx_word' id='word_1_148' title='bbox 872 1540 979 1579; x_wconf 88' lang='lat' dir='ltr'>quae</span> <span class='ocrx_word' id='word_1_149' title='bbox 1019 1524 1176 1562; x_wconf 76' lang='lat' dir='ltr'>habent</span> <span class='ocrx_word' id='word_1_150' title='bbox 1214 1522 1258 1562; x_wconf 86' lang='lat' dir='ltr'>in</span> <span class='ocrx_word' id='word_1_151' title='bbox 1303 1538 1347 1563; x_wconf 89' lang='lat' dir='ltr'>se</span> <span class='ocrx_word' id='word_1_152' title='bbox 1385 1522 1476 1561; x_wconf 86' lang='lat' dir='ltr'>ani-</span> 
     </span>
     <span class='ocr_line' id='line_1_21' title="bbox 56 1598 1476 1657; baseline -0.002 -16"><span class='ocrx_word' id='word_1_153' title='bbox 56 1608 170 1641; x_wconf 79' lang='lat' dir='ltr'>mam</span> <span class='ocrx_word' id='word_1_154' title='bbox 201 1600 344 1642; x_wconf 80' lang='lat' dir='ltr'>vitae.“</span> <span class='ocrx_word' id='word_1_155' title='bbox 411 1600 625 1643; x_wconf 82' lang='lat' dir='ltr'>Historiae</span> <span class='ocrx_word' id='word_1_156' title='bbox 664 1602 836 1657; x_wconf 89' lang='lat' dir='ltr'>quidem</span> <span class='ocrx_word' id='word_1_157' title='bbox 867 1599 991 1655; x_wconf 82' lang='lat' dir='ltr'>hujus</span> <span class='ocrx_word' id='word_1_158' title='bbox 1021 1599 1227 1640; x_wconf 74' lang='lat' dir='ltr'>sententia</span> <span class='ocrx_word' id='word_1_159' title='bbox 1256 1598 1476 1639; x_wconf 77' lang='lat' dir='ltr'>manifeste</span> 
     </span>
     <span class='ocr_line' id='line_1_22' title="bbox 54 1676 1475 1736; baseline -0.002 -17"><span class='ocrx_word' id='word_1_160' title='bbox 54 1678 213 1719; x_wconf 83' lang='lat' dir='ltr'>indicat</span> <span class='ocrx_word' id='word_1_161' title='bbox 242 1695 366 1729; x_wconf 77' lang='lat' dir='ltr'>usum</span> <span class='ocrx_word' id='word_1_162' title='bbox 399 1679 594 1720; x_wconf 89' lang='lat' dir='ltr'>ciborum</span> <span class='ocrx_word' id='word_1_163' title='bbox 624 1679 820 1736; x_wconf 86' lang='lat' dir='ltr'>primitus</span> <span class='ocrx_word' id='word_1_164' title='bbox 849 1694 872 1719; x_wconf 85' lang='lat' dir='ltr'>a</span> <span class='ocrx_word' id='word_1_165' title='bbox 908 1680 1006 1720; x_wconf 90' lang='lat' dir='ltr'>Deo</span> <span class='ocrx_word' id='word_1_166' title='bbox 1041 1694 1087 1718; x_wconf 87' lang='lat' dir='ltr'>ex</span> <span class='ocrx_word' id='word_1_167' title='bbox 1118 1676 1282 1726; x_wconf 84' lang='lat' dir='ltr'>herbis,</span> <span class='ocrx_word' id='word_1_168' title='bbox 1326 1677 1372 1718; x_wconf 89' lang='lat' dir='ltr'>id</span> <span class='ocrx_word' id='word_1_169' title='bbox 1403 1688 1475 1726; x_wconf 87' lang='lat' dir='ltr'>est,</span> 
     </span>
     <span class='ocr_line' id='line_1_23' title="bbox 59 1754 1474 1810; baseline -0.001 -15"><span class='ocrx_word' id='word_1_170' title='bbox 59 1755 257 1804; x_wconf 88' lang='lat' dir='ltr'>oleribus,</span> <span class='ocrx_word' id='word_1_171' title='bbox 290 1766 327 1795; x_wconf 91' lang='lat' dir='ltr'>et</span> <span class='ocrx_word' id='word_1_172' title='bbox 355 1756 558 1796; x_wconf 82' lang='lat' dir='ltr'>arborum</span> <span class='ocrx_word' id='word_1_173' title='bbox 588 1757 796 1797; x_wconf 85' lang='lat' dir='ltr'>fructibus</span> <span class='ocrx_word' id='word_1_174' title='bbox 829 1772 912 1797; x_wconf 87' lang='lat' dir='ltr'>esse</span> <span class='ocrx_word' id='word_1_175' title='bbox 928 1754 1192 1810; x_wconf 80' lang='lat' dir='ltr'>permissum.</span> <span class='ocrx_word' id='word_1_176' title='bbox 1249 1754 1474 1796; x_wconf 85' lang='lat' dir='ltr'>Postremo</span> 
     </span>
     <span class='ocr_line' id='line_1_24' title="bbox 55 1833 1476 1890; baseline 0 -18"><span class='ocrx_word' id='word_1_177' title='bbox 55 1848 158 1872; x_wconf 89' lang='lat' dir='ltr'>vero</span> <span class='ocrx_word' id='word_1_178' title='bbox 200 1849 296 1874; x_wconf 88' lang='lat' dir='ltr'>cum</span> <span class='ocrx_word' id='word_1_179' title='bbox 337 1835 390 1874; x_wconf 85' lang='lat' dir='ltr'>ad</span> <span class='ocrx_word' id='word_1_180' title='bbox 421 1833 516 1875; x_wconf 86' lang='lat' dir='ltr'>Noe</span> <span class='ocrx_word' id='word_1_181' title='bbox 554 1845 653 1890; x_wconf 88' lang='lat' dir='ltr'>post</span> <span class='ocrx_word' id='word_1_182' title='bbox 688 1833 894 1875; x_wconf 85' lang='lat' dir='ltr'>diluvium</span> <span class='ocrx_word' id='word_1_183' title='bbox 925 1833 1045 1874; x_wconf 88' lang='lat' dir='ltr'>fieret</span> <span class='ocrx_word' id='word_1_184' title='bbox 1070 1843 1382 1881; x_wconf 85' lang='lat' dir='ltr'>testamentum,</span> <span class='ocrx_word' id='word_1_185' title='bbox 1413 1835 1476 1873; x_wconf 85' lang='lat' dir='ltr'>fa-</span> 
     </span>
     <span class='ocr_line' id='line_1_25' title="bbox 55 1908 1475 1963; baseline 0.001 -14"><span class='ocrx_word' id='word_1_186' title='bbox 55 1910 185 1950; x_wconf 86' lang='lat' dir='ltr'>cultas</span> <span class='ocrx_word' id='word_1_187' title='bbox 228 1910 532 1951; x_wconf 82' lang='lat' dir='ltr'>vescendarum</span> <span class='ocrx_word' id='word_1_188' title='bbox 571 1910 764 1952; x_wconf 83' lang='lat' dir='ltr'>carnium</span> <span class='ocrx_word' id='word_1_189' title='bbox 810 1910 1057 1952; x_wconf 86' lang='lat' dir='ltr'>hominibus</span> <span class='ocrx_word' id='word_1_190' title='bbox 1099 1910 1234 1950; x_wconf 86' lang='lat' dir='ltr'>datur.</span> <span class='ocrx_word' id='word_1_191' title='bbox 1305 1908 1475 1963; x_wconf 82' lang='lat' dir='ltr'>Quibus</span> 
     </span>
     <span class='ocr_line' id='line_1_26' title="bbox 56 1985 1472 2042; baseline -0.001 -15"><span class='ocrx_word' id='word_1_192' title='bbox 56 2002 154 2027; x_wconf 81' lang='lat' dir='ltr'>sane</span> <span class='ocrx_word' id='word_1_193' title='bbox 187 1987 240 2027; x_wconf 89' lang='lat' dir='ltr'>de</span> <span class='ocrx_word' id='word_1_194' title='bbox 278 1986 411 2027; x_wconf 85' lang='lat' dir='ltr'>causis</span> <span class='ocrx_word' id='word_1_195' title='bbox 451 1985 496 2027; x_wconf 88' lang='lat' dir='ltr'>in</span> <span class='ocrx_word' id='word_1_196' title='bbox 535 1987 618 2028; x_wconf 91' lang='lat' dir='ltr'>suis</span> <span class='ocrx_word' id='word_1_197' title='bbox 656 1987 762 2029; x_wconf 85' lang='lat' dir='ltr'>locis</span> <span class='ocrx_word' id='word_1_198' title='bbox 802 1988 956 2029; x_wconf 89' lang='lat' dir='ltr'>rectius</span> <span class='ocrx_word' id='word_1_199' title='bbox 987 1997 1233 2042; x_wconf 83' lang='lat' dir='ltr'>exponetur.</span> <span class='ocrx_word' id='word_1_200' title='bbox 1310 1986 1472 2027; x_wconf 89' lang='lat' dir='ltr'>Secun-</span> 
     </span>
     <span class='ocr_line' id='line_1_27' title="bbox 56 2061 1474 2118; baseline -0.001 -14"><span class='ocrx_word' id='word_1_201' title='bbox 56 2065 160 2104; x_wconf 89' lang='lat' dir='ltr'>dum</span> <span class='ocrx_word' id='word_1_202' title='bbox 207 2063 451 2115; x_wconf 82' lang='lat' dir='ltr'>allegoriam</span> <span class='ocrx_word' id='word_1_203' title='bbox 497 2075 639 2105; x_wconf 84' lang='lat' dir='ltr'>tamen</span> <span class='ocrx_word' id='word_1_204' title='bbox 686 2065 820 2105; x_wconf 80' lang='lat' dir='ltr'>herba</span> <span class='ocrx_word' id='word_1_205' title='bbox 865 2075 1023 2114; x_wconf 80' lang='lat' dir='ltr'>terrae,</span> <span class='ocrx_word' id='word_1_206' title='bbox 1076 2075 1114 2104; x_wconf 93' lang='lat' dir='ltr'>et</span> <span class='ocrx_word' id='word_1_207' title='bbox 1164 2065 1323 2104; x_wconf 87' lang='lat' dir='ltr'>fructus</span> <span class='ocrx_word' id='word_1_208' title='bbox 1373 2061 1474 2118; x_wconf 71' lang='lat' dir='ltr'>ejus,</span> 
     </span>
     <span class='ocr_line' id='line_1_28' title="bbox 6 2139 1476 2198; baseline 0.001 -18"><span class='ocrx_word' id='word_1_209' title='bbox 6 2179 9 2196; x_wconf 13' lang='grc' dir='ltr'>,Ἰ</span> <span class='ocrx_word' id='word_1_210' title='bbox 55 2139 128 2195; x_wconf 87' lang='lat' dir='ltr'>qui</span> <span class='ocrx_word' id='word_1_211' title='bbox 159 2141 212 2181; x_wconf 82' lang='lat' dir='ltr'>ad</span> <span class='ocrx_word' id='word_1_212' title='bbox 243 2155 380 2182; x_wconf 80' lang='lat' dir='ltr'>escam</span> <span class='ocrx_word' id='word_1_213' title='bbox 410 2141 654 2183; x_wconf 85' lang='lat' dir='ltr'>hominibus</span> <span class='ocrx_word' id='word_1_214' title='bbox 691 2141 955 2195; x_wconf 84' lang='lat' dir='ltr'>indulgetur,</span> <span class='ocrx_word' id='word_1_215' title='bbox 992 2153 1132 2198; x_wconf 82' lang='lat' dir='ltr'>potest</span> <span class='ocrx_word' id='word_1_216' title='bbox 1170 2142 1223 2182; x_wconf 87' lang='lat' dir='ltr'>de</span> <span class='ocrx_word' id='word_1_217' title='bbox 1254 2140 1476 2182; x_wconf 83' lang='lat' dir='ltr'>affectibus</span> 
     </span>
     <span class='ocr_line' id='line_1_29' title="bbox 8 2213 1473 2274; baseline 0 -16"><span class='ocrx_word' id='word_1_218' title='bbox 8 2213 9 2223; x_wconf 47' lang='lat'>¹</span> <span class='ocrx_word' id='word_1_219' title='bbox 54 2216 230 2270; x_wconf 85' lang='lat' dir='ltr'>intelligi</span> <span class='ocrx_word' id='word_1_220' title='bbox 261 2217 568 2273; x_wconf 83' lang='lat' dir='ltr'>corporalibus.</span> <span class='ocrx_word' id='word_1_221' title='bbox 635 2217 769 2260; x_wconf 87' lang='lat' dir='ltr'>Verbi</span> <span class='ocrx_word' id='word_1_222' title='bbox 799 2234 942 2259; x_wconf 83' lang='lat' dir='ltr'>causa:</span> <span class='ocrx_word' id='word_1_223' title='bbox 981 2220 1043 2260; x_wconf 83' lang='lat' dir='ltr'>ira</span> <span class='ocrx_word' id='word_1_224' title='bbox 1085 2230 1125 2260; x_wconf 85' lang='lat' dir='ltr'>et</span> <span class='ocrx_word' id='word_1_225' title='bbox 1164 2217 1473 2274; x_wconf 87' lang='lat' dir='ltr'>concupiscen-</span> 
     </span>
     <span class='ocr_line' id='line_1_30' title="bbox 55 2294 1474 2354; baseline 0.001 -19"><span class='ocrx_word' id='word_1_226' title='bbox 55 2294 113 2336; x_wconf 77' lang='lat' dir='ltr'>tia</span> <span class='ocrx_word' id='word_1_227' title='bbox 144 2310 315 2347; x_wconf 87' lang='lat' dir='ltr'>germen</span> <span class='ocrx_word' id='word_1_228' title='bbox 345 2306 404 2336; x_wconf 77' lang='lat' dir='ltr'>est</span> <span class='ocrx_word' id='word_1_229' title='bbox 434 2295 639 2351; x_wconf 87' lang='lat' dir='ltr'>corporis.</span> <span class='ocrx_word' id='word_1_230' title='bbox 699 2294 838 2354; x_wconf 82' lang='lat' dir='ltr'>Hujus</span> <span class='ocrx_word' id='word_1_231' title='bbox 868 2295 1065 2349; x_wconf 84' lang='lat' dir='ltr'>germinis</span> <span class='ocrx_word' id='word_1_232' title='bbox 1094 2298 1278 2346; x_wconf 83' lang='lat' dir='ltr'>fructus,</span> <span class='ocrx_word' id='word_1_233' title='bbox 1316 2296 1361 2337; x_wconf 87' lang='lat' dir='ltr'>id</span> <span class='ocrx_word' id='word_1_234' title='bbox 1401 2307 1474 2346; x_wconf 88' lang='lat' dir='ltr'>est,</span> 
     </span>
     <span class='ocr_line' id='line_1_31' title="bbox 59 2371 1474 2428; baseline 0 -14"><span class='ocrx_word' id='word_1_235' title='bbox 59 2389 181 2428; x_wconf 88' lang='lat' dir='ltr'>opus,</span> <span class='ocrx_word' id='word_1_236' title='bbox 208 2371 334 2415; x_wconf 87' lang='lat' dir='ltr'>nobis</span> <span class='ocrx_word' id='word_1_237' title='bbox 362 2372 663 2424; x_wconf 82' lang='lat' dir='ltr'>rationalibus,</span> <span class='ocrx_word' id='word_1_238' title='bbox 705 2386 745 2415; x_wconf 88' lang='lat' dir='ltr'>et</span> <span class='ocrx_word' id='word_1_239' title='bbox 779 2373 916 2416; x_wconf 80' lang='lat' dir='ltr'>bestiis</span> <span class='ocrx_word' id='word_1_240' title='bbox 944 2386 1080 2416; x_wconf 80' lang='lat' dir='ltr'>terrae</span> <span class='ocrx_word' id='word_1_241' title='bbox 1119 2373 1360 2415; x_wconf 88' lang='lat' dir='ltr'>communis</span> <span class='ocrx_word' id='word_1_242' title='bbox 1402 2383 1474 2414; x_wconf 88' lang='lat' dir='ltr'>est.</span> 
     </span>
     <span class='ocr_line' id='line_1_32' title="bbox 14 2449 1474 2508; baseline 0 -18"><span class='ocrx_word' id='word_1_243' title='bbox 14 2468 16 2470; x_wconf 65' lang='grc'>’</span> <span class='ocrx_word' id='word_1_244' title='bbox 56 2449 168 2491; x_wconf 85' lang='lat' dir='ltr'>Nam</span> <span class='ocrx_word' id='word_1_245' title='bbox 199 2451 371 2505; x_wconf 88' lang='lat' dir='ltr'>quando</span> <span class='ocrx_word' id='word_1_246' title='bbox 402 2450 623 2492; x_wconf 80' lang='lat' dir='ltr'>irascimur</span> <span class='ocrx_word' id='word_1_247' title='bbox 655 2453 709 2492; x_wconf 85' lang='lat' dir='ltr'>ad</span> <span class='ocrx_word' id='word_1_248' title='bbox 736 2451 952 2508; x_wconf 83' lang='lat' dir='ltr'>justitiam,</span> <span class='ocrx_word' id='word_1_249' title='bbox 981 2453 1026 2494; x_wconf 89' lang='lat' dir='ltr'>id</span> <span class='ocrx_word' id='word_1_250' title='bbox 1057 2462 1128 2502; x_wconf 84' lang='lat' dir='ltr'>est,</span> <span class='ocrx_word' id='word_1_251' title='bbox 1157 2452 1210 2491; x_wconf 87' lang='lat' dir='ltr'>ad</span> <span class='ocrx_word' id='word_1_252' title='bbox 1242 2449 1474 2491; x_wconf 88' lang='lat' dir='ltr'>correctio-</span> 
     </span>
     <span class='ocr_line' id='line_1_33' title="bbox 58 2526 1474 2585; baseline 0.001 -19"><span class='ocrx_word' id='word_1_253' title='bbox 58 2532 158 2567; x_wconf 84' lang='lat' dir='ltr'>nem</span> <span class='ocrx_word' id='word_1_254' title='bbox 189 2526 493 2583; x_wconf 86' lang='lat' dir='ltr'>delinquentis,</span> <span class='ocrx_word' id='word_1_255' title='bbox 525 2540 565 2570; x_wconf 87' lang='lat' dir='ltr'>et</span> <span class='ocrx_word' id='word_1_256' title='bbox 592 2529 935 2570; x_wconf 79' lang='lat' dir='ltr'>emendationem</span> <span class='ocrx_word' id='word_1_257' title='bbox 965 2529 1107 2571; x_wconf 84' lang='lat' dir='ltr'>salutis</span> <span class='ocrx_word' id='word_1_258' title='bbox 1138 2527 1240 2585; x_wconf 75' lang='lat' dir='ltr'>ejus,</span> <span class='ocrx_word' id='word_1_259' title='bbox 1272 2527 1352 2570; x_wconf 85' lang='lat' dir='ltr'>isto</span> <span class='ocrx_word' id='word_1_260' title='bbox 1383 2529 1474 2569; x_wconf 80' lang='lat' dir='ltr'>fru-</span> 
     </span>
    </p>
   </div>
   <div class='ocr_carea' id='block_1_4' title="bbox 63 2601 1474 2660">
    <p class='ocr_par' dir='ltr' id='par_1_4' title="bbox 63 2601 1474 2660">
     <span class='ocr_line' id='line_1_34' title="bbox 63 2601 1474 2660; baseline 0.001 -18"><span class='ocrx_word' id='word_1_261' title='bbox 63 2613 132 2643; x_wconf 87' lang='lat' dir='ltr'>ctu</span> <span class='ocrx_word' id='word_1_262' title='bbox 162 2612 297 2644; x_wconf 83' lang='lat' dir='ltr'>terrae</span> <span class='ocrx_word' id='word_1_263' title='bbox 325 2606 554 2656; x_wconf 86' lang='lat' dir='ltr'>vescimur,</span> <span class='ocrx_word' id='word_1_264' title='bbox 601 2617 641 2647; x_wconf 86' lang='lat' dir='ltr'>et</span> <span class='ocrx_word' id='word_1_265' title='bbox 671 2607 788 2648; x_wconf 89' lang='lat' dir='ltr'>cibus</span> <span class='ocrx_word' id='word_1_266' title='bbox 817 2617 963 2648; x_wconf 87' lang='lat' dir='ltr'>noster</span> <span class='ocrx_word' id='word_1_267' title='bbox 990 2605 1209 2649; x_wconf 82' lang='lat' dir='ltr'>iracundia</span> <span class='ocrx_word' id='word_1_268' title='bbox 1241 2601 1474 2660; x_wconf 86' lang='lat' dir='ltr'>corporalis</span> 
     </span>
    </p>
   </div>
   <div class='ocr_carea' id='block_1_5' title="bbox 65 2713 283 2721">
    <p class='ocr_par' dir='ltr' id='par_1_5' title="bbox 65 2713 283 2721">
     <span class='ocr_line' id='line_1_35' title="bbox 65 2713 283 2721; baseline 0 375"><span class='ocrx_word' id='word_1_269' title='bbox 65 2713 283 2721; x_wconf 95' lang='lat' dir='ltr'> </span> 
     </span>
    </p>
   </div>
   <div class='ocr_carea' id='block_1_6' title="bbox 288 2715 392 2724">
    <p class='ocr_par' dir='ltr' id='par_1_6' title="bbox 288 2715 392 2724">
     <span class='ocr_line' id='line_1_36' title="bbox 288 2715 392 2724; baseline 0 372"><span class='ocrx_word' id='word_1_270' title='bbox 288 2715 392 2724; x_wconf 95' lang='lat' dir='ltr'> </span> 
     </span>
    </p>
   </div>
   <div class='ocr_carea' id='block_1_7' title="bbox 180 2765 1076 2910">
    <p class='ocr_par' dir='ltr' id='par_1_7' title="bbox 180 2765 1076 2910">
     <span class='ocr_line' id='line_1_37' title="bbox 183 2765 1076 2844; baseline -0.009 -6"><span class='ocrx_word' id='word_1_271' title='bbox 183 2783 226 2838; x_wconf 79' lang='grc' dir='ltr'>Ι)</span> <span class='ocrx_word' id='word_1_272' title='bbox 260 2782 409 2827; x_wconf 60' lang='grc' dir='ltr'>θῦὓθὸ·</span> <span class='ocrx_word' id='word_1_273' title='bbox 440 2787 472 2836; x_wconf 66' lang='lat' dir='ltr'>I,</span> <span class='ocrx_word' id='word_1_274' title='bbox 499 2789 568 2832; x_wconf 77' lang='lat'>26·</span> <span class='ocrx_word' id='word_1_275' title='bbox 687 2789 733 2844; x_wconf 73' lang='lat'>²)</span> <span class='ocrx_word' id='word_1_276' title='bbox 765 2765 916 2832; x_wconf 39' lang='lat' dir='ltr'>Genesi</span> <span class='ocrx_word' id='word_1_277' title='bbox 950 2792 981 2839; x_wconf 84' lang='lat' dir='ltr'>I,</span> <span class='ocrx_word' id='word_1_278' title='bbox 1009 2788 1076 2831; x_wconf 73' lang='lat'>26.</span> 
     </span>
     <span class='ocr_line' id='line_1_38' title="bbox 180 2854 667 2910; baseline 0.01 -14"><span class='ocrx_word' id='word_1_279' title='bbox 180 2854 226 2910; x_wconf 80' lang='lat'>³)</span> <span class='ocrx_word' id='word_1_280' title='bbox 260 2854 410 2898; x_wconf 86' lang='lat' dir='ltr'>Genes.</span> <span class='ocrx_word' id='word_1_281' title='bbox 441 2861 474 2907; x_wconf 80' lang='grc' dir='ltr'>Ι,</span> <span class='ocrx_word' id='word_1_282' title='bbox 503 2860 568 2902; x_wconf 77' lang='grc'>29.</span> <span class='ocrx_word' id='word_1_283' title='bbox 599 2861 667 2903; x_wconf 83' lang='grc'>30.</span> 
     </span>
    </p>
   </div>
  </div>
 </body>
</html>
