1764 3096
228 101 312 146 196
823 95 1044 138 Ommzms

233 212 466 270 „accipe¹)
496 212 629 253 fllium
671 220 790 251 tuum
834 209 1119 258 carissimum,
1160 223 1285 264 quem
1327 207 1485 260 diligis,
1522 209 1648 260 Isaac,

233 302 272 331 ct
302 291 456 330 ol'l'eres
486 287 589 328 mihi
621 302 731 327 eum.
799 285 933 335 Vade,
972 285 1129 341 inquit,
1174 287 1216 325 in
1248 297 1401 327 terram
1434 288 1651 335 excelsam,

234 379 274 408 et
304 367 363 407 ibi
396 367 548 407 olferes
583 379 680 403 eum
702 362 996 403 holocaustum
1016 362 1056 402 in
1076 379 1163 403 uno
1195 377 1240 402 ex
1263 363 1495 412 montibus,
1525 379 1650 418 quem

236 443 463 483 ostendero
494 440 609 481 tibi.“
676 439 844 478 Nomen
893 439 1064 494 quidem
1099 456 1174 479 cur
1206 437 1241 478 ei
1272 438 1493 480 donaverit
1522 439 1652 488 Deus,

237 531 277 560 et
307 518 518 559 vocaverit
548 517 678 565 Dens,
711 526 748 556 et
779 516 987 557 vocaverit
1017 532 1113 556 eum
1145 516 1374 565 Abraham,
1406 516 1496 571 ipse
1524 516 1653 557 inter-

236 608 424 651 prctatus
455 604 535 634 est:
577 591 762 647 „qui-2²)
801 604 986 647 patrem,
1017 593 1175 648 inquit,
1208 594 1438 633 multarum
1469 591 1653 644 gentium

236 673 359 729 posui
391 677 467 712 te.“
523 669 646 710 Hanc
679 670 1048 724 repromissionem
1082 671 1199 710 dedit
1229 670 1264 710 ei
1292 670 1420 718 Deus,
1452 685 1547 709 cum
1579 668 1654 709 ha-

236 752 355 790 beret
386 748 519 788 silium
550 746 714 796 Ismaet,
742 747 814 787 sed
845 747 1058 801 pollicitus
1092 758 1149 787 est
1180 747 1232 795 ei,
1254 746 1350 802 quia
1376 746 1418 786 in
1448 744 1550 792 filio,
1583 744 1655 799 qui

237 836 480 867 nasceretur
509 840 555 864 ex
588 823 715 871 Sara,
755 823 1041 877 complebitur
1078 824 1154 864 ista
1185 823 1421 877 promissio.
1491 824 1656 862 Accen-

241 904 358 942 derat
388 915 486 951 ergo
520 899 707 939 animum
750 899 878 954 ipsius
919 900 962 940 in
1004 917 1193 941 amora-m
1236 900 1336 948 filii,
1387 915 1474 938 non
1515 898 1654 938 solum

239 977 491 1034 posteritatis
521 976 662 1028 gratia,
690 977 762 1016 sed
795 988 833 1016 et
875 977 1206 1030 promissionum
1246 992 1332 1031 spe.
1403 975 1489 1014 Sed
1531 975 1658 1022 hunc,

240 1057 284 1096 in
317 1071 401 1109 quo
436 1053 472 1092 ci
502 1055 666 1107 positae
693 1064 790 1092 sunt
822 1053 1124 1106 promissiones
1163 1067 1340 1103 magnae
1369 1051 1468 1092 istae
1511 1063 1549 1091 et
1579 1052 1657 1091 mi-

242 1131 408 1178 rabiles,
441 1129 567 1176 hunc,
598 1127 785 1182 inquam,
817 1128 964 1176 silium,
994 1129 1036 1168 in
1069 1145 1154 1183 quo
1177 1141 1374 1169 vocatum
1408 1139 1466 1168 est
1498 1145 1657 1168 nomen

245 1208 332 1265 ejus
364 1206 605 1253 Abraham,
645 1203 943 1244 holocaustum
982 1204 1175 1245 Domino
1213 1204 1383 1261 jubetur
1429 1205 1583 1244 offerre
1616 1204 1659 1244 iu

244 1302 332 1326 uno
365 1300 410 1323 ex
441 1282 671 1322 montibus.
732 1279 849 1334 Quid
881 1292 924 1321 tu
958 1281 1009 1321 ad
1041 1280 1159 1330 haec,
1191 1297 1215 1320 ο
1249 1279 1494 1320 Abraham?
1539 1279 1661 1334 Quae

248 1376 287 1404 et
317 1361 460 1417 quales
492 1355 765 1410 cogitationes
795 1369 1023 1398 moventur
1062 1357 1106 1398 in
1154 1359 1284 1398 corde
1323 1355 1432 1398 tuo?
1488 1356 1661 1398 Prolata

247 1451 307 1481 est
343 1454 422 1479 vox
464 1453 486 1476 a
528 1435 649 1484 Deo,
701 1450 809 1489 quae
858 1432 1052 1476 discutiat
1098 1445 1137 1474 et
1175 1435 1330 1489 probet
1366 1433 1495 1474 fidem
1532 1445 1658 1475 tuam.

249 1515 367 1571 Quid
401 1515 453 1555 ad
484 1513 588 1553 haec
619 1509 749 1552 dicis?
787 1509 907 1565 Quid
938 1510 1123 1563 cogitas?
1165 1510 1285 1564 Quid
1314 1509 1541 1552 retractas?
1578 1510 1664 1552 Pu-

247 1605 364 1634 tasne
404 1588 581 1632 revolvis
619 1587 663 1627 in
695 1588 827 1628 corde
855 1598 951 1637 ῐυο,
996 1587 1117 1642 quia,
1160 1588 1194 1628 si
1233 1589 1278 1629 in
1318 1587 1433 1628 Isaac
1475 1589 1571 1629 data
1604 1599 1663 1629 est

248 1668 355 1712 mihi
384 1663 687 1722 repromissio,
726 1664 841 1704 hunc
871 1675 1011 1705 autem
1052 1666 1189 1705 offero
1229 1664 1549 1714 holocaustum,
1592 1681 1661 1705 su-

249 1757 409 1805 perest,
448 1755 495 1784 ut
535 1757 626 1782 non
665 1751 858 1795 speretur
896 1740 1044 1795 ulla3)
1091 1740 1349 1795 promissio?
1409 1742 1496 1782 Aut
1535 1743 1664 1793 magis

247 1825 322 1866 illa
353 1820 508 1872 cogitas
540 1829 579 1859 et
608 1816 723 1866 dicis,
753 1816 852 1872 quia
882 1816 1142 1871 impossibile
1174 1829 1232 1858 est
1251 1816 1418 1858 mentiri
1449 1834 1559 1867 eum,
1590 1817 1662 1873 qui

250 1896 512 1955 repromisit:
551 1893 755 1949 quicquid
794 1893 901 1934 illud
930 1894 1078 1943 luerit,
1113 1893 1339 1948 promissio
1370 1893 1666 1949 permanebit?

248 1979 412 2018 Verum
443 1987 519 2024 ego
551 1971 648 2026 quia
680 1970 880 2011 minimus
909 1986 1023 2017 sum,
1062 1969 1167 2009 tanti
1210 1969 1478 2024 patriarchae
1507 1971 1664 2024 cogitn-

228 2054 387 2101 ,tiones
415 2067 505 2092 non
535 2048 654 2089 valeo
686 2047 963 2103 perscrutari,
991 2061 1069 2086 nec
1098 2045 1204 2086 scire
1233 2062 1428 2101 possum,
1458 2063 1536 2087 vox
1568 2046 1665 2096 Dei,

253 2146 362 2186 quae
393 2129 446 2168 ad
475 2125 725 2166 tentandum
759 2140 854 2165 eum
885 2135 1157 2179 processerat,
1189 2139 1292 2178 quas
1323 2121 1360 2162 ei
1391 2121 1665 2172 cogitationes

252 2203 444 2252 moverit,
464 2201 579 2259 'quid
609 2199 738 2241 animi
769 2199 970 2250 attulerit,
1017 2216 1114 2240 cum
1144 2199 1363 2255 juberetur
1393 2197 1567 2239 unicum
1597 2197 1661 2253 ju-

253 2283 406 2336 gulare.
466 2277 553 2319 Sed
591 2276 793 2331 quoniam
841 2274 1034 2330 „spiritus
1051 2274 1096 2330 4)
1135 2275 1445 2331 prophetarum
1474 2273 1664 2329 prophe-

253 2358 302 2401 tis
344 2354 556 2412 subjectus
594 2356 698 2402 est,“
742 2351 899 2394 Paulus
937 2352 1190 2407 Apostolus,
1239 2351 1311 2407 qui
1349 2366 1428 2405 per
1455 2349 1663 2405 spiritum,

256 2435 401 2483 credo,
429 2431 646 2479 didicerat,
676 2428 779 2484 quid
809 2427 960 2478 animi,
996 2428 1097 2484 quid
1130 2426 1294 2470 consilii
1323 2427 1544 2469 Abraham
1576 2441 1665 2479 ges-

372 2636 416 2690 ¹)
448 2633 534 2677 Csr.
567 2634 717 2677 Genes.
746 2635 886 2686 XXII,
914 2638 953 2679 2.
1071 2635 1117 2690 ²)
1148 2634 1301 2678 Genes.
1329 2635 1481 2688 XVII„
1495 2639 1533 2680 5.

366 2706 414 2760 3)
443 2706 501 2746 Ita
529 2705 629 2746 Mss.
659 2705 773 2746 Alias
801 2722 899 2747 vero
931 2706 988 2761 (v.
1022 2723 1054 2748 c.
1085 2705 1129 2748 in
1160 2707 1254 2748 edd.
1285 2704 1393 2761 M.):
1432 2707 1529 2759 „illa
1558 2723 1658 2761 pro-

255 2760 426 2804 missio?
453 2765 563 2802 Aut“
592 2773 667 2802 etc.
699 2761 747 2801 R.

369 2830 415 2886 ⁴>
446 2831 463 2871 1
494 2829 591 2871 ρον.
622 2831 738 2881 xiv,
766 2832 830 2874 32.
