1764 3096
240 107 322 150 134
838 103 1058 147 Omessms

241 220 361 271 tium,
391 221 444 262 de
474 235 560 275 un
591 217 849 261 sufficienter
879 216 1205 273 consequentiae
1233 215 1369 278 ipsius!
1393 217 1499 260 ratio
1532 219 1659 261 doce-

243 309 315 339 ret.
374 298 431 339 Et
468 296 565 352 quia
607 296 661 337 ad
697 294 959 351 spiritualem
996 293 1316 345 intelligentiam
1358 295 1498 337 minus
1538 296 1662 348 digne

242 386 413 431 poterat
440 373 589 430 aptari,
617 371 769 414 merito
802 387 900 424 ergo
931 371 1150 427 Scriptura
1180 370 1294 412 siluit
1324 372 1377 412 de
1407 372 1514 421 hoc,
1555 389 1664 428 quae

244 451 376 504 magis
415 450 681 492 narrationes
724 465 817 490 suas
864 447 1146 489 intellectibus
1198 448 1430 500 allegoricis
1483 460 1664 504 coaptat.

245 527 551 569 Verumtamen
582 537 787 582 quantum
819 526 873 567 ad
901 522 1187 567 necessitatem
1211 523 1449 580 pluviarum
1483 536 1523 566 et
1553 526 1663 566 dilu-

246 604 301 647 vii
329 616 502 660 spectat,
530 605 647 645 nulla
678 604 820 659 potuit
848 597 935 645 tam
966 602 1221 644 conveniens
1256 612 1295 642 et
1325 617 1512 653 congrua
1545 618 1667 644 arcae

243 682 403 737 species
434 681 549 731 dari,
586 696 713 736 quam
746 692 790 722 ut
819 695 841 722 e
870 696 1036 721 summo
1068 680 1180 720 velut
1209 696 1231 719 e
1261 690 1372 720 tecto
1405 680 1592 734 quodam
1622 680 1666 721 in

246 771 467 812 angustum
499 757 731 813 culmen¹)
774 759 926 799 educto
966 757 1226 799 diffunderet
1263 756 1466 798 imbrium
1512 756 1668 806 ruinas,

247 836 400 879 etima
439 835 484 876 in
523 836 642 891 aquis
673 837 876 891 quadrata
923 833 1145 876 stabilitate
1184 834 1436 882 consistens,
1469 849 1548 874 nec
1588 831 1668 873 im·

247 914 372 968 pulsu
402 924 650 963 ventorum,
688 928 768 954 nec
807 912 968 968 impetu
1000 911 1228 961 fluctuum,
1268 926 1347 951 nec
1376 910 1670 965 inquietudine

249 990 517 1040 animalium,
559 1006 666 1045 quae
706 989 954 1031 intrinsecus
994 1001 1132 1039 erant,
1172 1000 1243 1029 aut
1279 987 1477 1030 inclinari
1515 999 1669 1044 posset,

251 1079 322 1108 aut
350 1067 495 1118 mergi.

360 1145 400 1187 2.
431 1143 579 1198 Sed2)
612 1143 675 1185 his
706 1143 904 1184 omnibus
934 1153 1047 1183 tanta
1067 1154 1154 1194 arte
1175 1142 1430 1198 compositis,
1462 1140 1671 1198 objiciunt

250 1222 426 1277 quidam
455 1221 742 1276 quaestiones,
774 1230 813 1259 et
841 1218 1071 1274 praecipue
1099 1220 1294 1274 Apelles,
1335 1219 1406 1273 qui
1437 1220 1514 1260 suit
1545 1220 1669 1261 disci-

249 1299 376 1353 pulus
417 1298 590 1352 quidem
629 1295 886 1344 Marcionis,
934 1296 1008 1335 sed
1048 1295 1215 1336 alterius
1263 1296 1484 1337 haereseos
1528 1297 1672 1348 magis,

251 1391 378 1430 quam
410 1373 520 1430 ejus,
559 1388 686 1429 quam
718 1388 742 1412 a
771 1371 971 1424 magistro
1005 1371 1208 1427 suscepit,
1237 1373 1446 1414 inventor.
1502 1373 1540 1414 Is
1572 1390 1670 1425 ergo

252 1452 355 1492 dum
386 1450 594 1503 assignare
625 1450 754 1506 cupit,
783 1449 937 1505 scripta
967 1448 1100 1492 Musis
1129 1449 1236 1490 nihil
1266 1450 1310 1491 in
1340 1466 1383 1491 se
1414 1449 1579 1492 divinae
1608 1468 1673 1492 sa-

250 1527 446 1583 pientiae,
477 1526 669 1582 nihilque
699 1525 840 1582 operis
866 1525 999 1568 sancti
1027 1526 1209 1582 Spiritus
1241 1527 1472 1577 continere,
1503 1543 1675 1579 exagge-

252 1615 315 1645 rat
345 1604 591 1661 hujusmodi
622 1604 746 1653 dicta,
778 1614 818 1644 et
850 1604 962 1653 dicit,
994 1603 1116 1644 nullo
1132 1603 1177 1658 3)
1197 1605 1331 1644 modo
1357 1603 1448 1644 fieri
1473 1604 1674 1659 potuisse,

252 1692 299 1722 ut
336 1692 421 1721 tam
461 1682 588 1722 breve
627 1680 811 1737 spatium
851 1691 914 1721 tot
960 1680 1208 1721 animalium
1246 1695 1398 1732 genera
1437 1697 1674 1737 eorumque

253 1757 388 1808 cibos,
419 1758 492 1813 qui
521 1774 599 1814 per
628 1768 765 1798 totum
797 1773 957 1797 annum
987 1757 1242 1806 sufficerent,
1275 1773 1428 1812 capere
1457 1758 1672 1812 potuisset.

255 1835 367 1876 Cum
406 1834 518 1875 enim
559 1834 660 1875 bina
700 1846 743 1875 et
781 1834 882 1876 bina
922 1850 969 1874 ex
1007 1832 1238 1875 immundis
1278 1833 1553 1883 animalibus,
1591 1836 1673 1877 hoc

254 1923 333 1961 est,
367 1910 460 1952 bini
497 1911 674 1953 masculi
714 1922 753 1952 et
781 1911 908 1952 binae
937 1909 1142 1959 feminae,
1173 1934 1224 1942 —
1256 1911 1341 1950 hoc
1371 1909 1485 1951 enim
1517 1912 1676 1954 indicat

251 2005 393 2030 sermo
433 1989 634 2043 repetitus
675 2012 741 2038 —‚
773 2004 820 2028 ex
860 1987 1030 2028 mundis
1059 2002 1159 2027 vero
1205 1998 1378 2042 septena
1421 1985 1461 2028 et
1488 2000 1676 2044 septena,

256 2067 374 2121 quod
393 2066 439 2123 ⁴)
491 2077 571 2116 est,
621 2065 741 2122 paria
777 2076 947 2120 septena
993 2064 1037 2105 in
1077 2080 1216 2105 arcam
1257 2063 1453 2105 dicantur
1489 2065 1676 2118 inducta,

256 2143 493 2198 quomodo,
522 2144 673 2199 inquit,
700 2142 944 2198 fieripotuit
963 2142 1074 2183 istud
1095 2141 1292 2197 spatium,
1323 2144 1441 2197 quod
1470 2143 1673 2199 scriptum

256 2231 328 2269 est,
357 2231 404 2260 ut
434 2231 618 2275 quatuor
658 2221 805 2261 saltem
834 2221 947 2261 solos
987 2218 1289 2273 elephantes⁵>
1330 2235 1481 2274 capere
1520 2232 1674 2275 potue-

380 2392 424 2450 Ι)
455 2393 554 2435 Mss.
597 2395 794 2443 „eulmen
835 2395 1038 2435 eductos*
1100 2393 1216 2436 Libri
1257 2393 1356 2435 editi
1399 2394 1458 2445 (v,
1503 2409 1536 2433 c.
1577 2394 1673 2434 edd.

220 2482 223 2485 .
259 2449 365 2505 M.):
394 2450 608 2500 „culmine
639 2453 806 2492 ducto.“
835 2449 884 2491 R.

373 2520 421 2576 ²)
455 2519 618 2560 Graeca
660 2518 784 2575 hujus
830 2522 915 2562 loci
952 2523 1078 2562 verba
1130 2523 1225 2576 (cfr.
1269 2522 1331 2562 ed.
1373 2530 1545 2561 nostrae
1582 2535 1673 2575 pag.

261 2578 352 2619 102.
382 2578 523 2632 seqq.)
553 2578 827 2631 suppeditant
858 2577 1043 2619 Catenae
1075 2578 1265 2619 Graecae
1283 2578 1674 2632 Manuscriptae.R,

375 2647 422 2701 3)
453 2646 563 2687 Edd.
594 2645 786 2687 Merlini:
818 2647 938 2687 nullo
973 2665 1122 2700 genere
1152 2661 1228 2690 etc.

376 2717 422 2772 ⁴)
452 2716 612 2756 Verba:
642 2718 789 2771 „quod
821 2729 891 2764 est,
922 2717 1039 2772 paria
1069 2724 1292 2774 septena‚“
1340 2732 1447 2771 quae
1477 2716 1518 2757 in
1553 2728 1673 2757 antea

262 2772 378 2815 »editis
408 2774 467 2827 (e.
502 2789 534 2814 c.
567 2773 661 2814 edd.
693 2773 779 2828 Μ.)
813 2774 963 2816 omissa
994 2788 1114 2826 sunt,
1155 2776 1406 2831 supplentur
1438 2790 1459 2815 e
1493 2773 1589 2814 Mss.
1625 2771 1672 2811 lt

379 2843 424 2897 5)
453 2843 564 2885 Echi,
594 2843 788 2885 Merlini:
821 2844 1080 2899 elephantos,
