1764 3096
253 120 336 166 132
850 117 1073 160 Omenms

255 233 433 276 diximiis
465 242 718 282 constructa,
749 230 998 287 dupliciter,
1028 243 1136 286 quae
1167 238 1206 268 et
1234 225 1457 282 separatim
1487 225 1673 270 bicame-

255 323 345 353 rata
376 309 648 367 appellata¹)
685 319 803 359 sunt,
835 309 1016 364 exceptis
1044 305 1359 362 superioribus,
1403 318 1513 359 quae
1550 303 1674 344 trica-

256 400 415 430 merata
452 387 665 437 dicuntur,
694 383 808 439 ad²)
843 385 957 427 hunc
987 385 1164 426 modum
1187 382 1312 424 fuisse
1336 379 1537 436 duplicia,
1566 396 1675 435 quo-

256 467 373 508 niam
404 465 576 521 quidem
611 480 771 506 annum
802 464 1010 514 integrum
1041 458 1274 514 fuerunt3)
1304 458 1449 499 omnia
1479 456 1678 499 animalia

260 543 306 584 in
335 559 445 584 arca.
503 542 558 583 Et
586 540 732 595 utique
771 539 814 581 in
846 550 982 580 totum
1015 528 1173 580 annum
1209 552 1378 577 necesse
1419 546 1507 575 erat
1534 534 1678 590 provi-

261 621 363 661 dere
394 618 535 668 cibos,
578 629 618 659 et
655 634 745 658 non
784 617 924 659 solum
956 615 1095 663 cibos,
1140 628 1285 654 verum
1328 623 1368 652 et
1398 611 1677 666 digestionum

260 695 459 738 constitui
486 696 595 744 loca,
626 711 712 750 quo
746 710 886 750 neque
914 693 1005 748 ipsa
1037 689 1248 740 animalia,
1277 690 1508 746 praecipue
1535 702 1678 731 tamen

261 772 479 821 homines,
520 771 610 813 fimi
641 773 808 813 foetore
837 781 1095 812 vexarentur.
1164 766 1361 808 Tradunt
1400 781 1522 818 erg0,
1562 766 1680 820 quod

262 849 441 891 inferior
476 848 591 900 regio
632 849 738 904 ipsa,
768 864 876 904 quae
911 847 956 888 in
996 847 1133 888 fundo
1177 855 1255 893 est,
1292 843 1347 884 ad
1387 842 1682 900 hujuscemodi

262 926 525 969 necessitates
554 924 793 980 mancipata
824 923 876 965 sit
902 934 941 965 et
967 934 1160 979 excepta;
1187 921 1286 962 huic
1317 931 1456 961 autem
1486 919 1684 975 superior

268 1001 540 1057 contigua,⁴)
581 1000 878 1043 conservandis
917 1000 1084 1055 pabulis
1115 999 1351 1053 deputetur.
1409 996 1580 1038 Etenim
1609 1012 1684 1036 ne-

268 1079 491 1121 cessarium
522 1079 767 1126 videbatur,
814 1089 862 1117 ut
899 1077 947 1118 iis
987 1076 1148 1124 bestiis,
1198 1074 1350 1130 quibus
1395 1085 1547 1115 natura
1577 1073 1685 1115 vesci

271 1157 467 1199 carnibus
499 1155 628 1204 dedit,
657 1154 899 1195 introducta
928 1153 1011 1195 sint
1041 1154 1291 1194 extrinsecus
1322 1150 1545 1201 animalia,
1577 1167 1685 1206 quo-

267 1251 364 1275 rum
395 1244 603 1274 vescentes
635 1230 831 1272 carnibus
863 1244 1112 1270 conservare
1138 1229 1265 1269 vitam
1285 1227 1537 1285 posteritatis
1565 1243 1691 1283 repa-

269 1312 429 1351 randae
460 1308 590 1361 gratia
621 1309 828 1348 valerent:
861 1305 950 1346 aliis
980 1321 1079 1345 vero
1113 1305 1205 1355 alia,
1237 1322 1345 1361 quae
1370 1304 1569 1346 naturalis
1592 1322 1691 1346 usus

272 1386 477 1443 deposcit,
507 1396 772 1427 servarentur
803 1382 1014 1424 alimenta.
1071 1382 1120 1423 In
1153 1383 1232 1424 hos
1262 1398 1361 1435 ergo
1390 1399 1488 1424 usus
1518 1381 1692 1422 inferio-

272 1481 336 1506 res
366 1475 527 1520 partes,
567 1478 674 1519 quae
703 1460 987 1502 bicameratae
1016 1459 1239 1509 dicuntur,
1275 1460 1448 1500 tradunt
1478 1459 1602 1500 fuisse
1632 1459 1695 1498 di-

274 1541 454 1590 stinctas,
471 1538 516 1594 ⁵)
544 1537 784 1595 superiores
805 1553 904 1578 vero
925 1537 980 1577 ad
1005 1536 1297 1578 habitaculum
1325 1536 1480 1587 bestiis,
1509 1535 1574 1576 vel
1607 1534 1697 1576 ani-

275 1617 457 1659 malibus
487 1618 729 1672 deputatas‚
775 1613 820 1654 in
852 1613 1004 1669 quibus
1034 1613 1256 1655 inferiores
1287 1612 1460 1668 quidem
1489 1612 1611 1660 feris,
1656 1623 1695 1652 et

276 1692 509 1736 immitibus
538 1690 700 1741 bestiis,
731 1691 795 1732 vel
823 1690 1087 1745 serpentibus
1119 1688 1409 1730 habitaculum
1439 1689 1695 1744 praebuisse,

277 1772 339 1813 his
376 1786 475 1811 vero
516 1767 713 1820 contigua
760 1768 805 1809 in
844 1766 1136 1823 superioribus
1165 1766 1286 1815 loca,
1325 1765 1565 1808 mitioribus
1604 1767 1695 1808 ani-

278 1846 491 1890 mantibus
528 1844 691 1886 stabula
730 1844 866 1886 fuisse.
935 1844 1077 1899 Supra
1127 1842 1271 1884 omnia
1309 1859 1411 1884 vero
1451 1843 1494 1884 in
1533 1844 1693 1884 excelso

279 1923 525 1965 hominibus
553 1922 698 1962 sedem
726 1921 929 1971 locatam,
968 1932 1117 1976 utpote
1161 1919 1233 1975 qui
1274 1931 1313 1960 et
1352 1921 1521 1962 honore
1560 1931 1600 1961 et
1629 1937 1697 1961 ra-

280 2002 398 2042 tione
437 2009 589 2040 cuncta
630 1999 911 2053 praecellant:
961 2009 1008 2038 ut
1054 1997 1161 2038 sicut
1200 1997 1367 2038 ratione
1414 1994 1453 2038 e't
1491 1996 1697 2053 sapientia

280 2075 567 2133 principatum
599 2090 741 2126 gerere
769 2090 899 2130 supra
929 2074 1097 2124 omnia,
1129 2090 1236 2130 quae
1265 2073 1310 2114 in
1337 2073 1456 2115 terris
1484 2085 1600 2123 sunt,
1633 2075 1697 2115 di-

282 2153 392 2194 eitur
420 2153 575 2201 homo,
621 2153 679 2192 ita
710 2150 836 2191 etiam
865 2151 966 2192 loeo
997 2151 1168 2200 celsior,
1207 2162 1248 2192 et
1274 2167 1402 2206 supra
1433 2167 1578 2193 omnes
1608 2151 1698 2191 ani—

280 2240 454 2278 mantes,
485 2243 593 2282 quae
621 2228 665 2268 in
697 2243 792 2268 arca
818 2238 927 2278 sunt,
958 2229 1191 2269 collocatus
1221 2228 1284 2269 sit.
1333 2227 1529 2268 Tradunt
1558 2238 1698 2267 autem
1754 2260 1756 2263 .

283 2306 408 2347 etiam
440 2305 605 2354 ostium,
634 2303 752 2358 quod
773 2319 820 2343 ex
840 2304 969 2344 latere
986 2303 1144 2344 factum
1165 2303 1331 2354 dicitur,
1362 2319 1412 2344 eo
1440 2303 1526 2345 loci
1556 2305 1694 2354 fuisse,

405 2430 448 2485 ¹)
477 2430 641 2470 Verba:
673 2430 907 2485 „appellata
927 2440 1034 2478 sunt,
1054 2428 1233 2484 exceptis
1256 2429 1560 2484 superioribus,
1591 2445 1699 2485 quae

288 2487 594 2535 tricamerata‚“
623 2486 667 2525 in
697 2498 818 2527 antea
849 2485 968 2527 editis
999 2485 1057 2540 (v.
1091 2501 1123 2527 c.
1155 2486 1248 2528 edd.
1279 2486 1364 2541 M.)
1395 2486 1697 2537 desiderantur,

286 2545 359 2585 sed
389 2543 638 2599 supplentur
669 2557 691 2583 e
719 2541 817 2583 RIss.
846 2541 896 2581 R.

403 2613 451 2668 2)
477 2611 588 2653 Edd.
618 2610 815 2652 Merlini:
848 2611 904 2651 ob
936 2611 1051 2653 hunc
1082 2612 1258 2653 modum
1290 2622 1362 2653 etc.

402 2683 449 2738 ³)
478 2683 588 2723 Edd.
619 2680 819 2721 Met-lini:
848 2681 1049 2722 fecerunt.

402 2751 449 2808 Δ”·)
479 2752 589 2793 Edd.
620 2749 814 2791 Merlini:
847 2761 884 2790 et
916 2751 1111 2802 contigua
1143 2763 1218 2797 etc,

402 2821 449 2876 6)
479 2821 588 2863 Edd.
632 2818 824 2861 Merlini:
863 2818 1084 2862 distinctas.
1163 2820 1415 2879 Superiores
1447 2845 1498 2854 —
1545 2819 1696 2872 bestiis,
1758 2820 1764 2858 Ξ

289 2879 351 2920 vel
382 2900 435 2911 —-
464 2879 691 2934 deputatae
720 2886 827 2927 suut,
860 2875 1011 2932 quibus
1041 2888 1118 2921 etc.
