1764 3096
253 110 338 154 192
853 104 1077 148 Omcssms

254 221 458 264 mandata
490 218 685 268 custodit,
715 229 774 260 cst
803 217 975 273 quidem
1007 230 1047 260 et
1072 217 1162 274 ipse
1191 216 1301 259 filius
1328 219 1577 272 Abrahami,
1606 238 1677 265 ae-

257 298 359 355 cipit
389 309 429 339 et
457 297 547 354 ipse
579 295 706 346 dona,
735 295 777 336 id
797 305 870 344 est,
900 295 1039 352 operis
1057 295 1120 337 sni
1142 295 1400 346 mercedem,
1431 296 1531 352 quia
1550 297 1675 341 etiam

255 374 418 432 „qni¹)
448 373 621 416 calicem
653 387 789 428 aquae
821 372 997 425 frigidae
1040 371 1203 413 dederit
1232 383 1396 414 tantum
1427 373 1469 414 in
1499 374 1679 417 nomine

258 451 468 509 discipuli,
496 467 588 492 non
617 449 775 505 peribit
805 465 963 492 merces
1001 447 1127 507 ejus.“
1195 449 1362 490 Tamen
1391 450 1572 492 inferior
1600 451 1676 492 illo

259 542 330 580 est,
360 528 433 585 qui
462 545 551 569 non
582 527 719 568 servili
751 526 926 576 timore,
967 527 1040 567 sed
1072 526 1118 567 in
1149 525 1328 568 caritatis
1356 526 1551 569 libertate
1579 543 1681 583 per-

257 607 391 648 sectus
428 617 498 646 est.
568 603 673 645 Tale
704 602 864 659 aliquid
906 602 1028 644 etiam
1061 605 1293 660 Apostolus
1327 605 1532 654 ostendit,
1579 621 1680 646 cum

258 683 381 724 dicit:
411 679 705 736 ,‚quamdiu²)
743 680 916 736 quidem
948 680 1066 721 heres
1097 681 1297 736 parvulus
1330 692 1408 732 est,
1455 681 1562 722 nihil
1593 681 1678 722 dif-

256 762 337 825 fert
368 776 390 800 a
420 774 564 807 servo,
602 774 696 798 cum
727 757 778 798 sit
806 757 1022 799 Dominus
1054 757 1273 808 omnium,
1314 759 1388 800 sed
1416 759 1494 800 sub
1525 758 1680 800 tutori-

256 838 336 877 bus
367 847 406 877 et
435 834 647 876 actoribus
679 846 760 884 est,
802 851 936 890 usque
967 836 1019 876 ad
1052 835 1322 891 praefinitum
1354 847 1520 891 tempus
1552 852 1574 877 a
1605 851 1682 892 pa-

257 918 359 954 tre.“
416 911 624 953 Parvulus
664 927 762 965 ergo
797 923 876 962 est,
921 912 993 968 qui
1023 913 1131 953 lacte
1161 912 1307 962 alitur,
1355 923 1394 953 et
1433 928 1579 968 expers
1622 923 1682 953 est

258 989 466 1032 sermonis
497 987 689 1043 justitiae,
717 1005 796 1030 nec
826 1000 966 1044 potest
997 989 1138 1031 cibum
1171 988 1358 1030 solidum
1394 988 1586 1044 accipere
1615 1005 1682 1030 sa·
1730 1012 1733 1021 ‹

258 1066 444 1122 pientiae
474 1065 654 1114 divinae,
684 1076 723 1105 et
750 1063 947 1106 scientiae
976 1065 1096 1119 legis,
1142 1066 1214 1121 qui
1253 1081 1344 1107 non
1382 1077 1521 1122 potest
1557 1064 1683 1121 spiri-

257 1143 389 1185 tualia
415 1141 702 1197 spiritualibus
734 1156 998 1196 comparare,
1027 1142 1100 1196 qui
1129 1143 1327 1184 nondum
1348 1155 1487 1198 potest
1520 1142 1684 1185 dicere:

259 1237 384 1271 „cum
402 1219 448 1275 ³)
481 1229 620 1259 autem
646 1217 784 1258 sactus
814 1233 906 1258 sum
938 1216 1081 1273 vir,⁴)
1118 1234 1227 1273 quae
1266 1232 1386 1260 erant
1414 1221 1578 1275 parvuli
1610 1221 1684 1261 de-

259 1296 434 1353 posui:“
463 1295 538 1338 iste
569 1307 668 1346 ergo
699 1293 807 1334 nihil
839 1293 983 1335 differt
1013 1310 1036 1334 a
1065 1309 1200 1336 servo.
1249 1294 1295 1336 Si
1319 1311 1418 1336 vero
1440 1297 1685 1352 relinquens

259 1373 482 1415 initiorum
524 1370 680 1412 Christi
719 1387 963 1413 sermonem
1009 1372 1062 1412 ad
1092 1370 1398 1428 perfectionem
1429 1374 1612 1423 seratur,
1645 1385 1687 1415 et

260 1466 396 1506 „quae
415 1449 460 1504 ⁵)
490 1465 658 1491 sursum
685 1459 786 1490 sunt
815 1459 1010 1504 quaerat,
1049 1449 1125 1490 ubi
1156 1447 1347 1491 Christus
1377 1461 1437 1491 est
1465 1449 1511 1491 in
1541 1450 1686 1492 dextra

259 1528 346 1570 Dei
375 1529 546 1575 sedens,
580 1543 672 1567 non
703 1541 811 1581 quae
835 1542 966 1583 super
993 1531 1194 1575 terram‚“
1233 1537 1273 1566 et
1300 1527 1686 1583 'contempletur⁶)

262 1621 382 1656 „non
414 1620 474 1653 ea,
504 1619 612 1659 quae
641 1603 862 1653 videntur,
901 1604 974 1644 sed
1007 1618 1115 1658 quae
1143 1619 1235 1643 non
1265 1602 1511 1652 videntur,“
1547 1618 1689 1658 neque
1735 1621 1737 1629 ¹

262 1681 307 1722 in
340 1680 490 1721 divinis
517 1680 737 1735 scripturis
766 1691 970 1736 sequatur
1000 1680 1267 1721 occidentem
1297 1680 1486 1728 literam,
1521 1680 1595 1720 sed
1624 1678 1688 1720 vi-

262 1757 502 1798 vificantem
531 1756 748 1812 spiritum:
790 1773 839 1798 ex
867 1757 948 1798 illis
977 1757 1055 1797 erit
1083 1757 1173 1798 sine
1204 1756 1362 1807 dubio,
1393 1755 1465 1811 qui
1495 1771 1585 1796 non
1617 1772 1688 1796 ac-

263 1834 429 1890 cipiunt
455 1832 675 1890 „spiritum
695 1833 742 1890 ⁷)
773 1833 978 1876 servitutis
1007 1834 1160 1875 iterum
1189 1834 1233 1875 in
1264 1835 1430 1883 timore,
1457 1833 1532 1874 sed
1562 1832 1686 1888 spiri-

262 1922 356 1953 tum
387 1909 644 1966 adoptionis,
674 1910 720 1952 in
751 1925 838 1966 quo
874 1910 1055 1951 clament
1089 1911 1227 1960 Abba,
1261 1909 1427 1951 Pater.“

378 1988 416 2028 5.
447 1986 566 2041 Quid
599 1986 770 2028 interim
805 1999 898 2037 agat
928 1987 1169 2037 Abraham,
1213 1999 1442 2043 postquam
1471 1985 1689 2039 indIgnata

266 2076 326 2106 est
356 2064 486 2112 Sara,
516 2063 745 2105 videamus.
817 2062 944 2121 Ejicit
984 2064 1180 2104 ancillam
1223 2074 1262 2103 et
1300 2062 1436 2103 filiurn
1469 2061 1578 2119 ejus,
1615 2065 1690 2105 sed

265 2153 408 2182 tamen
450 2142 521 2181 dat
561 2142 596 2182 ei
634 2153 771 2181 utrem
813 2157 960 2196 aquae.
1038 2141 1138 2182 Non
1176 2140 1289 2182 enim
1333 2139 1517 2181 habebat
1556 2152 1692 2182 mater

269 2216 357 2276 ejus
387 2228 562 2273 puteum
605 2233 739 2273 aquae
772 2217 911 2266 vivae,
955 2234 1033 2258 nec
1073 2230 1241 2273 poterat
1279 2233 1388 2273 puer
1427 2216 1597 2257 haurire
1635 2217 1690 2257 de

267 2305 397 2349 puteo
431 2310 598 2350 aquarn.
670 2292 851 2348 Isaactss)
893 2294 1077 2335 habebat
1117 2306 1288 2350 putem,
1332 2310 1413 2349 pro
1455 2293 1608 2348 quibus
1649 2303 1691 2333 et

268 2371 498 2412 certamina
529 2371 686 2427 patitur
716 2371 911 2413 adversus
954 2369 1212 2413 Philistinos.
1282 2371 1435 2412 Ismael
1467 2382 1604 2411 autem
1635 2371 1689 2410 de

386 2551 429 2607 1)
459 2550 611 2593 matth.
639 2552 697 2602 Χ,
727 2553 795 2594 42.
830 2529 840 2533 ’
916 2552 963 2608 2>
995 2550 1132 2593 enat.
1163 2551 1236 2602 lv,
1267 2552 1304 2593 1.
1337 2552 1376 2594 2.

384 2622 432 2678 3>
461 2623 481 2662 1
513 2622 613 2665 cor.
641 2623 761 2672 XIII,
791 2623 857 2665 11.

384 2693 430 2749 ⁴)
460 2692 578 2734 Libri
618 2691 719 2734 editi
757 2693 818 2746 (v.
850 2709 884 2734 c.
919 2693 1013 2734 edd.
1043 2691 1150 2746 M.):
1188 2690 1298 2740 ,‚vir‚
1345 2691 1542 2733 evacuavi
1583 2707 1692 2747 quae
1738 2698 1746 2738 ἦ

271 2761 387 2793 erant
415 2750 621 2805 parvuli,“
651 2750 725 2790 sed
755 2749 869 2791 Mss.-
887 2761 934 2790 ut
962 2750 1008 2791 in
1037 2758 1186 2791 nostro
1217 2758 1344 2790 textu.
1375 2748 1408 2788 R

387 2820 432 2874 ⁵)
465 2819 552 2861 Cfr.
585 2818 749 2861 Coloss.
778 2818 848 2869 Ill,
879 2820 916 2862 1.
944 2821 985 2862 2.
1119 2816 1166 2874 ⁶)
1198 2816 1286 2859 Cfr.
1318 2817 1359 2858 II
1390 2782 1491 2859 C·or.
1519 2817 1594 2865 IV,
1623 2813 1689 2860 18.
1744 2782 1746 2790 ⁸

389 2889 434 2945 ⁷)
467 2888 555 2931 Cfr.
586 2888 713 2933 Rom.
748 2888 860 2941 VIII,
890 2890 956 2932 15.
1075 2887 1122 2944 8)
1155 2887 1242 2931 Cfr.
1277 2887 1428 2930 Genes.
1457 2885 1617 2929 XXVI.
