1764 3096
442 123 489 152 m
521 108 719 150 GENEsm
749 106 950 149 HommA
971 107 1066 149 VII.
1375 107 1457 152 187

46 226 269 282 quomodo
301 222 456 272 luserit,
485 221 651 276 aliaque
678 217 858 274 puerilia
889 217 1048 268 egerit?
1091 218 1159 259 An
1189 234 1266 274 per
1295 219 1398 260 haec
1420 221 1461 275 ¹)

46 304 287 358 putandum
318 310 398 349 est,
437 300 557 354 quod
600 295 791 338 divinum
827 294 989 351 aliquid
1031 314 1111 339 nos
1142 298 1324 337 edocere
1353 296 1463 344 velit,

49 390 89 419 et
128 377 300 429 dignum
342 377 462 430 quod
500 376 735 415 humanum
781 389 912 426 genus
943 373 1027 416 Dei
1075 373 1251 415 vocibus
1297 371 1461 413 discat?

47 454 160 495 Isaac
189 453 294 494 risus
322 453 386 493 vel
416 451 615 504 gaudium
645 450 959 506 interpretatur.
1021 451 1128 505 Quis
1158 467 1256 503 ergo
1289 462 1360 500 est,
1391 450 1464 503 qui

46 532 171 571 talem
204 528 340 570 filium
373 507 579 581 generet?
613 527 690 569 Ille
719 529 943 578 nimirum,
990 529 1063 584 qui
1106 528 1275 570 dicebat
1306 529 1358 568 de
1388 527 1464 578 his,

48 622 154 661 quos
183 621 260 661 per
281 605 556 657 Evangelium
575 617 797 658 genuerat:
827 606 987 660 ‚,vos²)
1019 608 1130 647 enim
1151 605 1244 647 estis
1263 605 1463 656 gaudium

46 699 201 732 meum,
233 695 272 724 et
302 699 462 723 corona
495 683 655 734 gloriae
674 681 799 723 Dei.“
850 682 917 722 De
948 682 1196 738 hujusmodi
1226 683 1334 733 filiis,
1368 701 1466 725 curn

46 759 205 800 fuerint
243 776 263 800 a
308 761 415 801 lacte
455 759 644 815 depulsi,
682 759 729 800 fit
771 759 1011 801 convivium
1045 771 1084 800 et
1117 761 1274 801 laetitia
1303 776 1467 812 magna,

47 835 99 876 de
129 836 205 886 his,
235 836 307 892 qui
324 837 370 893 3)
395 853 510 887 „non
541 836 627 894 jam
658 838 766 879 lacte
792 836 994 889 indigent,
1022 838 1096 879 sed
1124 838 1222 879 cibo
1253 838 1369 888 forti,
1398 837 1472 892 qui

46 929 126 968 pro
157 914 436 969 possibilitate
451 904 647 956 sumendi
671 915 913 956 exercitatos
932 915 1092 956 habent
1119 931 1263 957 sensus
1294 916 1349 956 ad
1383 915 1467 956 dis-

49 989 279 1032 cretionem
310 992 418 1032 boni
445 993 509 1032 vel
539 991 681 1032 mali.“
776 992 917 1047 Super
947 991 1009 1033 his
1040 993 1216 1042 talibus,
1264 1010 1360 1034 cum
1393 985 1467 1034 de-

49 1068 268 1122 pelluntur
304 1084 328 1110 a
368 1070 497 1117 lacte,
538 1069 588 1109 fit
630 1069 870 1111 convivium
919 1086 1133 1123 magnum.
1212 1070 1353 1125 Super
1389 1069 1470 1111 illis

51 1156 189 1186 autem
218 1163 308 1187 non
339 1157 479 1202 potest
509 1146 697 1187 exhiberi
728 1147 986 1196 convivium,
1014 1164 1095 1188 nec
1123 1147 1273 1187 haberi
1301 1147 1472 1197 laetitia,

51 1224 104 1264 de
135 1224 288 1279 quibus
319 1223 420 1265 dicit
447 1224 700 1279 Apostolus:
729 1222 881 1278 „1:104)
908 1223 1028 1264 vobis
1056 1224 1156 1265 dedi
1185 1236 1352 1280 potum,
1381 1242 1473 1266 non

50 1317 202 1342 escam.
261 1301 469 1341 Nondum
500 1299 613 1341 enim
643 1301 864 1356 poteratis,
908 1303 982 1342 sed
1018 1318 1099 1342 nec
1129 1303 1269 1343 adhuc
1299 1303 1474 1357 quidem

51 1377 237 1432 potestis.
306 1378 362 1419 Et
405 1392 481 1429 ego
514 1394 603 1418 non
642 1377 767 1433 potui
795 1378 915 1434 loqui
945 1378 1064 1420 vobis
1095 1380 1214 1434 quasi
1245 1379 1476 1435 spirituali-

52 1455 144 1503 bus,
172 1456 246 1496 sed
277 1454 394 1510 quasi
426 1456 676 1505 carnalibus,
707 1455 824 1509 quasi
853 1456 1037 1510 parvulis
1066 1455 1111 1496 in
1146 1455 1355 1499 Christ0.“
1396 1456 1476 1497 Di-

53 1542 149 1571 cant
177 1531 302 1573 nobis
331 1531 419 1581 isti,
459 1532 531 1587 qui
570 1531 819 1586 simpliciter
855 1531 1033 1584 intelligi
1068 1533 1219 1573 volunt
1246 1534 1476 1589 scripturas

53 1607 226 1659 divinas,
259 1607 362 1663 quid
392 1620 471 1649 est:
512 1608 693 1662 ‚,non⁵)
733 1608 856 1663 potui
895 1609 1015 1650 vobis
1055 1610 1177 1664 loqui
1207 1611 1325 1665 quasi
1354 1611 1479 1666 spiri-

57 1684 253 1734 tualibus,
283 1686 358 1726 sed
388 1684 507 1740 quasi
539 1684 799 1735 carnalibus,
843 1685 962 1740 quasi
991 1686 1175 1741 parvulis
1205 1687 1250 1728 in
1283 1687 1476 1729 Christo:

56 1762 121 1804 lac
161 1762 282 1804 vobis
332 1774 484 1818 potum
533 1761 653 1813 dedi,
698 1779 790 1804 non
831 1762 1036 1805 escam?“
1093 1763 1336 1807 Possumne
1373 1766 1480 1808 haec

57 1839 302 1896 simpliciter
317 1840 362 1896 5)
394 1838 562 1894 accipi?

168 1919 208 1960 2.
239 1918 325 1958 Sed
354 1916 524 1959 interim
553 1919 776 1959 redeamus
808 1919 863 1958 ad
894 1935 954 1967 ea,
983 1921 1100 1960 unde
1123 1919 1294 1972 digressi
1321 1938 1478 1962 sumus.

58 1994 256 2036 Laetatur
287 1994 529 2044 Abraham,
574 2006 614 2034 et
653 1994 894 2036 convivium
934 1995 1034 2036 facit
1071 2013 1274 2048 magnum
1315 1996 1357 2038 in
1398 1997 1480 2046 die,

60 2088 143 2127 qua
177 2071 341 2126 depulit
381 2088 403 2112 a
443 2071 551 2112 lacte
578 2071 695 2111 Isaac
725 2071 862 2111 filium
894 2089 1032 2113 suurn.
1106 2073 1210 2114 Post
1240 2074 1342 2114 haec
1372 2074 1482 2115 ludit

60 2151 192 2198 Isaac,
222 2161 262 2190 et
291 2149 401 2190 ludit
431 2166 528 2189 cum
561 2148 724 2189 ismael.
795 2147 1044 2201 Indignatur
1074 2151 1194 2201 Sara,
1224 2153 1341 2206 quod
1373 2151 1483 2195 filius

62 2226 241 2268 ancillae
269 2227 388 2267 ludat
417 2242 513 2266 cum
546 2224 634 2266 filio
665 2226 837 2275 liberae,
868 2237 908 2266 et
936 2226 1078 2267 lusum
1106 2226 1228 2268 illum
1248 2228 1482 2284 perniciem

38 2316 196 2362 ‘putat,
226 2302 452 2345 consilium
483 2304 554 2344 dat
587 2302 853 2354 Abrahamo,
884 2315 925 2344 et
955 2303 1077 2345 dicit:
1121 2303 1254 2363 „ejice
1271 2306 1316 2363 ⁷)
1348 2308 1481 2350 ancil-

181 2443 226 2499 ¹)
255 2443 366 2485 Edd.
395 2442 589 2484 Merlini:
621 2443 718 2484 hoc.

182 2513 228 2566 ²)
258 2513 276 2552 I
306 2513 450 2554 Thess.
480 2512 533 2562 II,
560 2513 628 2555 ⁶20.
658 2514 755 2554 coll.
787 2514 852 2558 19.

180 2583 228 2637 ³)
260 2582 346 2625 Csr.
376 2583 506 2623 Hebr.
537 2584 587 2633 V,
617 2584 682 2626 12.
713 2585 777 2627 14.
898 2582 944 2636 ⁴)
974 2585 991 2625 l
1023 2584 1125 2627 Cor.
1158 2585 1230 2636 HI,
1264 2588 1304 2628 2.
1337 2587 1374 2628 1.

186 2653 231 2707 ⁵)
256 2654 274 2693 I
304 2653 405 2694 Cur.
437 2653 509 2702 Ill,
540 2654 576 2695 1.
607 2657 645 2697 2.

187 2724 232 2778 ὃ)
264 2723 371 2764 Cod.
401 2722 673 2765 Ebroicensis
702 2724 871 2780 (itemq.
910 2727 1006 2768 cdd.
1039 2726 1147 2781 M.):
1179 2725 1486 2784 ‚stimpliciterf‘

73 2781 189 2824 Libri
219 2779 341 2822 editi:
378 2779 631 2829 ‚,similiter.“
660 2779 711 2820 R.

193 2850 237 2906 ⁷)
271 2849 422 2893 Genes.
453 2851 572 2901 XXI,
601 2849 666 2892 10.
700 2851 795 2892 coll.
826 2852 864 2894 9.
