1764 3096
290 103 349 148 36
690 112 746 144 Ex
777 99 1000 144 OmGEms
1026 114 1075 144 m
1105 100 1310 145 Gmnsm

290 215 372 260 τοῦ
402 213 814 274 δωδεκατημορίου·
857 213 1009 275 ἑτέρου
1050 214 1102 259 δὲ
1130 216 1210 258 τοῦ
1232 215 1274 270 1)
1315 211 1481 259 ὡσανεὶ
1509 213 1706 273 μορφώ-

291 292 505 350 ματος,’)
544 291 634 335 ἀλλ’
679 292 729 336 ἐκ
768 294 847 335 τοῦ
879 294 1042 347 νοητοῦ
1075 293 1252 342 ζωὸίου·
1286 289 1398 347 ὅπερ
1429 290 1482 335 οὐ
1514 289 1638 336 πάνυ
1666 309 1708 335 τι

292 368 492 415 δυνατὸν
519 366 966 426 καταλαμβάνεσθαι.
1006 365 1151 433 Ἔστω
1178 369 1226 412 δὲ
1244 369 1289 425 3)
1321 372 1397 412 καὶ
1427 372 1560 412 τοῦτο
1592 383 1707 426 συγ-

289 451 622 505 κεχωρημένον,
654 446 704 490 τὸ
734 442 1165 502 καταλαμβάνεσθαι
1186 443 1236 488 τὸ
1262 444 1426 500 νοητὸν
1450 448 1708 501 δωδεκατη-

289 523 471 583 μόριον,
501 522 528 580 ἢ
559 522 788 569 δύνασθαι
828 523 877 566 ἐκ
917 524 996 566 τοῦ
1039 525 1260 576 αἰσθητοῦ
1304 524 1708 583 δωδηκατημορίου

289 599 607 661 λαμβάνεσθαι
641 599 690 643 τὸ
741 598 919 654 ἀληθές·
969 596 1082 641 ἀλλὰ
1134 596 1269 656 τήνγε
1312 598 1564 661 σύγκρασιν
1601 600 1704 658 παρ’

291 678 440 729 αὐτοῖς
468 680 752 735 καλουμένην
769 680 861 720 τῶν
885 676 934 719 ἕν
954 676 1103 719 τοῖσδε
1125 681 1217 724 τοῖς
1241 683 1569 734 σχηματισμοῖς
1596 694 1709 734 τυγ-

282 754 539 814 χανόντων,
571 758 648 799 καὶ
679 754 808 798 αὐτοὶ
839 749 1216 810 ὁμολογήσουσιν,
1252 753 1334 810 οὐχ
1367 749 1513 810 οἷοί4)
1544 770 1590 800 τε
1615 757 1709 798 σῶ-

291 848 367 878 σαι
396 832 507 877 κατὰ
527 834 570 889 ⁵)
599 834 719 887 πᾶν,
754 831 1108 890 ἀμαυρουμένου
1138 833 1217 874 τοῦ
1248 832 1557 887 δηλουιιιένου,
1598 835 1709 888 ([ἔρε
1755 856 1760 866 -

290 914 458 967 εἷπεῖν,
485 909 753 968 χείρονοςδ)
797 906 888 952 ἀπὸ
919 908 1076 963 τοῦδε,
1117 906 1193 952 διὰ
1232 906 1280 952 τὸ
1323 909 1707 964 ἓπιβλέπεσθαι7)

290 986 430 1032 αὐτὸν
459 986 549 1032 ὑπὸ
581 988 715 1032 τοῦδε
744 988 823 1030 τοῦ
864 990 1141 1046 κρείττονος,
1191 988 1268 1028 καὶ
1309 985 1386 1028 ἐπὶ
1425 982 1637 1041 τοσόνδε,
1677 983 1705 1040 ἢ

287 1062 477 1110 τοσόνδε
516 1064 884 1122 ἀμαυρουμένου·
925 1060 1145 1111 πολλάκις
1193 1060 1334 1105 πάλιν
1373 1065 1448 1117 τῆς
1488 1059 1707 1123 ἀμαυρώ-

289 1155 400 1192 σεως
435 1144 511 1197 τῆς
548 1144 628 1185 τοῦ
651 1146 864 1203 χείρονος
902 1139 992 1185 ὑπὸ
1035 1144 1111 1197 τῆς
1141 1140 1421 1196 ἕπιβλέψεως
1451 1139 1586 1196 τῆςθ)
1623 1141 1703 1184 τοῦ

407 1290 451 1346 ¹)
481 1288 762 1330 Desideratur
787 1288 865 1330 τοῦ
896 1287 941 1328 in
973 1288 1069 1328 edd.
1099 1286 1374 1328 Philocaliae.

401 1358 449 1413 2)
475 1357 650 1409 Vigerus
688 1357 734 1398 in
773 1358 905 1398 notis:
958 1356 1099 1405 „Post
1127 1357 1237 1396 hanc
1276 1372 1424 1397 vocem
1463 1356 1706 1396 membrum

288 1418 465 1458 alterum
506 1412 648 1455 deesse
689 1413 838 1462 credo,
867 1413 984 1467 quod
1026 1413 1081 1453 ita
1121 1411 1291 1467 concipi
1332 1412 1482 1468 possit:
1522 1410 1573 1453 οὐ
1613 1409 1706 1468 μὴν

285 1474 639 1529 λαμβανομένου
667 1468 700 1511 τ’
734 1469 932 1522 ἀληθοῦς
960 1466 1039 1524 (H.
1073 1480 1111 1508 et
1130 1468 1178 1509 R.
1209 1470 1453 1523 proferunt:
1483 1469 1561 1510 τοῦ
1593 1468 1705 1522 ἀλη-
1760 1499 1762 1506 ,

285 1528 422 1582 θοῦς)
452 1527 501 1569 ἐκ
530 1528 610 1568 τοῦ
649 1523 977 1583 μορφώματος.
1053 1525 1207 1566 Sensus
1247 1525 1360 1566 enim
1400 1525 1444 1565 id
1484 1524 1624 1576 exigit,
1666 1537 1706 1565 et

284 1585 503 1627 manifeste
541 1583 749 1637 probant,
793 1597 901 1636 quae
937 1592 1184 1636 sequuntur.
1257 1580 1354 1621 Vox
1391 1579 1705 1637 μορφώματος

284 1639 473 1696 repetita,
501 1638 790 1688 librariorum,
820 1648 867 1677 ut
897 1653 1022 1692 saepe
1052 1636 1111 1684 fit,
1143 1634 1275 1676 oculis
1301 1635 1515 1691 imposuit,
1546 1648 1593 1677 ut
1622 1653 1701 1692 po-
1758 1635 1760 1640 ¹

283 1696 502 1738 stet-iorem
532 1693 684 1749 prioris
713 1694 813 1734 loco
836 1693 1117 1748 acciperent.“
1135 1716 1186 1723 —
1204 1691 1328 1733 Huet.
1346 1691 1389 1732 in
1412 1693 1543 1733 notis:
1575 1692 1706 1741 „Loci

284 1750 409 1809 hujus
441 1751 602 1791 hiatum
635 1749 771 1790 oratio
810 1750 997 1804 pendula
1029 1749 1173 1801 arguit.
1245 1747 1374 1788 Hunc
1412 1747 1469 1789 sic
1511 1750 1706 1803 explebat

284 1808 499 1859 Vigerus‚“
532 1818 606 1846 etc.
646 1828 702 1836 —-
743 1804 863 1846 Bene
903 1804 946 1845 hi
984 1804 1085 1853 viri,
1133 1815 1386 1858 corruptum
1430 1820 1514 1845 esse
1554 1806 1702 1845 locum

283 1864 469 1912 huncce,
506 1873 792 1911 monuerunt,
833 1876 973 1915 neque
1010 1872 1154 1901 tamen
1196 1876 1303 1916 opus
1349 1871 1407 1901 est
1435 1860 1526 1901 ‚hac
1559 1860 1701 1901 critica

282 1919 461 1968 medela,
493 1934 589 1959 cum
618 1917 661 1957 in
694 1918 789 1959 edd.
819 1917 1025 1958 Philocal.
1067 1918 1138 1958 illa
1168 1917 1258 1972 ipsa
1290 1918 1443 1965 verba,
1476 1933 1583 1971 quac
1614 1933 1699 1971 quo

233 1969 240 1979 ⁴
284 1993 393 2025 casu,
422 1974 578 2022 nescio,
597 1972 852 2023 exciderunt,
878 1973 1154 2028 reperiantur,
1176 1973 1278 2013 haec
1299 1971 1512 2013 videlicet:
1545 1988 1698 2031 ,,μορ-

284 2029 516 2090 φώματος·
546 2028 600 2073 τὰ
633 2029 681 2071 δὲ
714 2029 1070 2086 ἀποτελέσματα,
1104 2031 1264 2084 φασὶν,
1298 2026 1588 2089 εὑρίσκεσθαι
1619 2030 1700 2072 οὐκ

283 2090 333 2133 ἐκ
362 2089 439 2130 τοῦ
467 2083 792 2144 μορφώματος,
829 2085 920 2128 ἀλλ’
957 2086 1006 2129 ἐκ
1035 2086 1151 2128 τοῦ’·’ς
1189 2088 1281 2128 κτλ.

396 2156 443 2209 3)
473 2155 582 2197 Edd.
611 2154 893 2196 philocaliae:
926 2153 994 2208 δή.

396 2225 443 2279 ⁴)
473 2224 655 2266 Tarinus
684 2224 727 2265 in
756 2223 888 2266 notis:
917 2223 1088 2275 ,‚Codd,
1121 2217 1221 2269 οἶόν
1248 2224 1347 2268 τε.“

396 2294 441 2350 ⁵)
472 2294 582 2336 Edd.
611 2293 895 2335 Philocaliae:
925 2292 1016 2336 κατ’
1050 2293 1193 2343 ἀξίαν.

396 2365 443 2418 6,)
473 2364 648 2415 Vigerus
676 2363 720 2403 in
749 2362 884 2404 notis:
913 2363 1114 2414 „Melius‚
1143 2362 1188 2404 ni
1217 2364 1370 2413 fallor,
1400 2364 1559 2406 abesset
1586 2361 1694 2418 ἀπό,

281 2434 328 2464 ut
350 2426 558 2480 χείρονος
583 2419 715 2462 τοῦδε
744 2419 924 2474 (nempe
954 2419 1159 2477 ἀστέρος)
1212 2436 1309 2461 cum
1339 2433 1568 2475 praeeunte
1597 2438 1695 2476 par-

281 2478 427 2534 ticipio
458 2477 740 2531 δηλουμένου
778 2486 1057 2517 construatur.
1133 2475 1211 2517 Sin
1251 2487 1390 2517 autem
1430 2477 1573 2531 (quod
1612 2477 1692 2518 mi-
1746 2510 1747 2513 η

279 2548 360 2576 nus
388 2530 557 2588 probo)
589 2531 836 2572 retinebitur
875 2528 992 2586 ἀπό,
1039 2543 1141 2573 tunc
1178 2543 1275 2587 post
1307 2536 1516 2591 χείρονος
1556 2549 1691 2588 appo-

280 2590 421 2630 nenda
451 2589 609 2641 virgula
638 2587 786 2636 fue-rit,
827 2597 874 2628 ut
913 2585 1005 2630 ἀπὸ
1046 2588 1179 2631 τοῦδε
1210 2605 1306 2628 cum
1338 2587 1691 2644 ἀμαυρουμένου

281 2645 602 2703 conjungatur.“
668 2643 791 2698 Quae
830 2643 1001 2697 quidem
1042 2644 1182 2696 Vigeri
1211 2645 1361 2693 verba,
1400 2645 1614 2693 subtilius,
1645 2655 1693 2684 ut

279 2701 459 2750 videtur,
483 2717 615 2756 quam
644 2699 779 2741 verius
803 2700 1034 2754 disputata,
1077 2700 1255 2754 pessime
1285 2699 1453 2742 Ruaeus
1480 2699 1690 2741 intellexit.

394 2769 439 2824 τ)
470 2769 653 2812 Tarinus
683 2768 727 2809 in
756 2767 888 2809 notis:
916 2767 1082 2818 ‚,Codd.
1115 2765 1448 2822 ἐπιβάλλεσθαι.
1480 2770 1636 2814 Male.“

393 2838 440 2891 ὅ)
470 2839 618 2880 Deest:
645 2839 785 2893 ,,τῆς“
816 2838 857 2880 in
890 2839 983 2880 edd.
1014 2837 1283 2882 philocaliae.
