1764 3096
271 99 357 144 292
649 88 651 91 ’
878 95 1099 139 Onicssms

275 230 398 256 mora
430 211 540 270 ejuS,
577 209 851 268 spiritualiter
887 210 1125 260 intellecta,
1163 206 1354 250 indicare
1389 223 1482 262 eos,
1521 208 1592 265 qui
1621 224 1701 264 pro

275 292 476 334 firmitate
507 301 547 330 et
577 287 816 331 constantia
854 286 1114 329 fortitudinis
1155 301 1284 328 omne
1316 302 1472 342 corpus
1504 285 1706 327 ecclesiae

275 380 507 412 sustentare
537 366 756 416 videntur,
803 377 842 406 et
870 365 991 407 ferre.
1069 364 1144 404 Vel
1191 363 1289 419 quia
1328 362 1505 406 humani
1534 362 1705 405 seminis

275 445 482 488 indicium
524 443 631 485 solet
669 442 714 484 in
755 441 971 484 femorum
1013 441 1302 498 appellatione
1338 439 1567 493 figuraliter
1606 438 1705 490 dici,

277 525 394 580 apud
423 539 503 563 nos
533 532 698 570 autem,
729 519 801 575 qui
830 520 1029 568 seminat,
1061 520 1239 560 verbum
1268 517 1473 559 seminat:
1504 527 1707 572 poterunt

276 616 391 653 ergo,
424 598 495 655 qui
526 597 807 639 ministerium
840 596 958 638 verbi
989 597 1186 638 ecclesiae
1217 595 1435 644 exhibent,
1467 594 1520 634 (le
1552 591 1705 633 Christi

275 676 512 718 semoribus
542 673 716 726 intelligi
748 676 897 724 duces,
933 666 1071 730 ixsque
1102 690 1187 728 quo
1221 672 1405 722 veniant,
1438 686 1546 726 quae
1578 686 1705 725 repo-

275 755 352 797 sita
382 765 491 796 sunt.
551 751 606 792 Et
635 751 849 792 videbitur
878 752 936 793 ita
967 767 1090 807 posse
1120 749 1319 801 intelligi,
1361 749 1478 805 quod
1499 747 1540 803 ι>
1573 763 1705 802 usque

279 833 334 873 ad
367 829 781 872 consummationem
812 829 969 871 saeculi
998 846 1089 869 non
1121 829 1300 869 deerunt
1329 827 1392 868 isti
1425 827 1575 875 duces,
1617 826 1705 865 ‹lo—

275 925 355 949 nec
383 907 559 949 vcnIant
590 923 650 958 ea,
683 922 792 962 quae
821 906 1004 962 reposita
1027 915 1137 953 sunt,
1168 920 1276 959 quac
1296 901 1562 958 praeparavit
1586 901 1706 941 Deus

275 985 362 1034 his,
405 984 477 1039 qui
510 984 690 1034 diligunt
733 1000 843 1024 eum.
919 982 1060 1037 ‚,Et2)
1092 981 1180 1038 ipse
1210 982 1288 1022 erit
1318 979 1569 1036 exspectatio
1603 995 1702 1032 gen-

274 1061 379 1104 tium
394 1066 429 1101 :“
459 1060 504 1101 in
536 1059 604 1101 die
635 1058 796 1100 scilicet
824 1056 992 1115 judicii,
1041 1076 1137 1100 cum
1180 1075 1328 1100 omnes
1367 1069 1506 1111 gentes
1546 1068 1585 1097 et
1626 1073 1705 1112 po-

274 1136 367 1196 puli
400 1134 616 1178 Christum
647 1135 833 1193 judicem
863 1136 907 1178 in
939 1152 1101 1192 pavore
1133 1135 1286 1186 cordis,
1319 1147 1357 1177 et
1383 1148 1571 1176 tremore
1602 1149 1706 1175 con-

276 1215 475 1259 scientiae
506 1214 818 1270 exspectabunt.

391 1294 429 1336 7.
461 1291 738 1346 ,‚Alligan53)
781 1293 835 1333 ad
864 1293 987 1334 vitem
1021 1292 1188 1347 pullum
1218 1307 1366 1340 suum,
1398 1302 1437 1331 et
1466 1291 1519 1330 ad
1554 1288 1706 1345 palmi-

277 1383 359 1412 tem
390 1370 553 1411 asinam
583 1374 743 1412 suam.“
802 1370 899 1411 Hoc
930 1370 982 1411 de
1015 1368 1183 1411 Christo
1218 1380 1256 1410 et
1285 1367 1465 1424 proprie
1496 1379 1536 1408 et
1561 1367 1704 1418 singu-

275 1448 421 1490 lariter
455 1446 627 1489 dicitur:
660 1447 750 1503 ipse
783 1447 896 1488 enim
928 1447 1109 1499 alligavit
1139 1447 1193 1488 ad
1223 1447 1349 1487 vitem
1369 1446 1537 1502 pullum
1568 1461 1708 1494 suum,

276 1525 350 1581 qui
380 1523 507 1566 dixit:
540 1524 657 1577 „Ego
677 1523 722 1580 ⁴)
753 1542 847 1567 sum
879 1523 969 1567 vitis
998 1529 1136 1567 vcra.⁸‘
1208 1525 1276 1565 Ad
1309 1524 1418 1565 hanc
1451 1540 1548 1565 vero
1579 1522 1706 1563 vitem

274 1603 444 1658 pullum
482 1618 607 1642 suum
647 1602 852 1653 alligavit,
909 1614 947 1643 et
994 1604 1048 1644 ad
1097 1601 1318 1658 palmitem
1367 1602 1526 1643 asinam
1574 1617 1704 1642 suam.

276 1678 427 1720 Pullus
460 1689 518 1720 est
548 1694 594 1719 ex
624 1681 819 1732 gentibus
850 1680 1060 1735 populus,
1099 1680 1165 1721 cui
1195 1678 1343 1734 utique
1371 1694 1593 1733 nunquam
1631 1678 1706 1718 ad-

276 1756 362 1796 huc
390 1755 491 1808 legis
533 1772 641 1797 onus
675 1756 815 1797 fuerat
846 1755 1119 1811 impositum,
1161 1767 1201 1796 et
1241 1770 1369 1811 super
1410 1771 1537 1810 quem
1573 1771 1703 1796 nemo

270 1831 355 1875 nisi
384 1831 475 1888 ipse
506 1831 696 1873 Christus
727 1832 948 1874 insederat.
1023 1832 1171 1875 Pullus
1211 1848 1311 1874 vero
1352 1832 1493 1874 asinae
1521 1844 1619 1873 sunt
1649 1833 1706 1882 hi,

277 1910 350 1965 qui
380 1910 434 1951 de
462 1908 611 1965 priore
640 1909 824 1965 populo,
855 1909 927 1964 qui
955 1926 1072 1950 nune
1100 1908 1145 1950 in
1175 1910 1310 1960 figura
1340 1909 1480 1951 asinae
1506 1909 1704 1951 nomina-

276 1999 367 2038 tur,
408 1985 529 2028 electi
557 1996 664 2027 -sunt
701 1986 755 2027 ad
793 1985 994 2036 salutem,
1040 1987 1094 2027 de
1136 1986 1290 2041 quibus
1329 1987 1544 2042 propheta
1583 1986 1706 2028 dicit:

276 2064 394 2119 ‚,si5)
440 2062 600 2104 fuerint
637 2062 714 2104 filii
744 2063 872 2105 Israel
902 2062 1020 2121 quasi
1051 2079 1178 2105 arena
1208 2063 1357 2113 maris,
1387 2064 1592 2119 reliquiae
1621 2066 1705 2106 sal-

275 2156 352 2182 vae
379 2140 521 2181 fient.“
578 2139 758 2195 Abjecta
790 2155 889 2192 ergo
922 2141 1060 2190 asina,
1099 2157 1208 2196 quae
1248 2156 1355 2184 onus
1394 2141 1494 2193 legis
1534 2141 1578 2183 in
1607 2142 1705 2184 infi-

278 2216 447 2259 delitate
476 2227 649 2272 portare
678 2215 853 2267 maluit,
890 2218 1032 2272 pullus
1075 2233 1122 2259 ex
1159 2217 1249 2274 ipsa
1281 2231 1402 2261 natus
1434 2219 1622 2270 cligitur,
1658 2218 1703 2260 id

279 2307 349 2346 est,
380 2294 573 2335 novellus
606 2310 654 2334 ex
685 2306 823 2335 vetere
852 2310 930 2350 per
969 2296 1099 2337 fidem
1130 2297 1320 2351 populus
1360 2295 1624 2347 adsciscitur,
1655 2313 1703 2338 ac

275 2372 444 2428 populo
478 2386 525 2412 ex
555 2371 748 2424 gentibus
789 2371 986 2413 sociatur.
1055 2371 1161 2413 Vitis
1203 2388 1301 2425 ergo
1345 2372 1537 2416 Christus
1578 2390 1624 2415 ex
1655 2391 1702 2416 ea

277 2461 397 2506 parte
427 2447 592 2498 dicitur,
623 2464 707 2503 qua
736 2459 933 2491 naturam
964 2448 1147 2504 suscepit
1177 2449 1435 2502 humanam,
1477 2453 1531 2494 ad
1572 2468 1700 2508 quam

397 2623 441 2677 1>
471 2622 582 2664 Edd.
614 2622 809 2663 Merlini:
843 2640 1064 2680 quousque
1095 2636 1171 2666 etc.

393 2692 440 2748 2)
474 2692 627 2733 Genes.
657 2692 811 2742 XLIX,
844 2695 908 2736 10.
1029 2695 1075 2749 3)
1109 2695 1258 2738 Genes.
1293 2695 1451 2751 XLIX,
1482 2696 1546 2739 11.

391 2761 437 2817 ⁴²)
471 2763 545 2803 Ev.
575 2762 732 2804 Joann.
764 2764 858 2814 XV,
893 2764 928 2806 1.

392 2832 436 2889 ⁵)
465 2831 588 2877 Jesai.
619 2833 673 2887 X,
704 2834 771 2878 22.
804 2835 898 2878 coll.
932 2833 1055 2879 Rom.
1087 2834 1162 2887 IX,
1195 2838 1262 2881 27.
