1764 3096
244 76 329 122 2022
847 76 1067 119 OmGENis

248 194 440 250 Aegypto
471 188 626 240 tribus,
666 191 729 232 vel
761 206 857 232 cum
898 190 941 232 in
968 192 1136 233 deserto
1170 207 1562 236 commemorantur
1591 197 1665 237 ali-

249 270 352 326 quid
385 285 518 320 agere,
549 270 613 308 vel
643 280 798 309 terram
831 269 1170 324 repromissionis
1201 270 1420 322 ingressae,
1448 271 1491 312 in
1521 285 1668 314 monte

252 347 392 388 Gebal
424 364 502 403 pro
535 344 910 387 benedictionibus
942 358 982 387 et
1011 347 1381 392 maledictionibus
1411 360 1664 392 statuuntur.

249 425 368 466 Alius
399 424 538 473 etiam,
567 439 662 463 cum
697 421 944 463 divisionem
975 436 1109 466 terrae
1134 425 1373 466 hereditatis
1395 438 1509 467 sorte
1538 426 1664 468 susci—

247 501 383 558 piunt.
441 502 496 542 Et
526 501 568 541 in
599 511 760 539 tantum
793 500 901 540 ordo
933 499 1008 542 iste
1039 501 1232 551 variatur,
1265 514 1310 543 ut
1339 502 1553 544 interdum
1576 504 1669 558 qui-

249 581 347 620 dam
381 595 426 619 ex
457 576 554 633 ipsis
582 593 659 617 nec
691 576 887 631 adscripti
909 577 1178 619 inveniantur
1206 578 1248 619 in
1277 596 1473 622 numero.
1535 580 1667 634 Quod

248 655 395 710 utique
426 667 586 696 certum
634 665 691 694 est
722 670 810 694 non
852 655 1011 709 absque
1051 657 1190 711 aliqua
1226 657 1391 698 ratione
1421 657 1592 708 variari,
1632 669 1671 698 et

248 744 407 773 exstare
436 748 577 773 causas
607 730 862 787 probabiles,
895 731 1046 788 quibus
1076 733 1119 773 in
1150 734 1231 774 alio
1264 735 1361 776 loco
1393 735 1476 783 ille,
1508 734 1550 776 in
1584 735 1668 775 alio

247 827 347 851 vero
379 809 482 851 alius
513 810 786 864 praeferatur.
858 810 943 851 Sed
986 811 1037 850 de
1076 811 1136 853 his
1168 811 1292 851 nohis
1324 829 1437 853 nunc
1469 812 1669 867 proposi-

247 900 338 929 tum
368 905 458 928 non
493 898 572 935 cst,
603 886 682 927 nisi
714 904 760 927 ea
789 889 1115 939 tantummodo,
1163 901 1293 943 prout
1334 889 1450 929 Deus
1492 888 1669 937 dederit,

248 965 481 1020 explicare,
512 980 621 1018 quae
649 964 692 1004 in
725 964 1118 1015 benedictionibus,
1163 982 1265 1020 quas
1297 965 1443 1005 mortis
1474 977 1669 1020 tempore

248 1057 268 1080 a
299 1052 417 1095 patre
448 1040 696 1095 suscipiunt,
728 1041 1010 1080 continentur.
1061 1041 1184 1095 Quae
1207 1042 1378 1097 quidem
1408 1041 1671 1082 benedictio—

245 1134 319 1157 nes
351 1134 397 1157 ex
429 1133 478 1156 eo
512 1118 686 1157 sortasse
714 1117 989 1157 solummodo
1024 1119 1229 1172 appellari
1261 1130 1520 1174 potuerunt,
1552 1120 1669 1174 quod

247 1194 290 1234 in
321 1193 558 1235 novissimis
589 1194 764 1235 dicitur:
796 1194 923 1249 „et¹)
954 1195 1057 1234 haee
1090 1197 1257 1235 locutus
1289 1206 1343 1235 cst
1371 1195 1418 1235 iis
1446 1208 1566 1250 pater
1599 1212 1671 1236 eo-

248 1289 359 1321 rum,
392 1283 431 1311 et
460 1271 674 1312 benedixit
703 1271 811 1321 illos,
843 1288 1195 1327 unumquemque
1224 1272 1460 1313 secuudum
1492 1273 1670 1313 benedi-

248 1349 432 1390 ctionem
473 1366 593 1390 suam
638 1349 854 1389 benedixit
892 1349 1028 1390 illos.“
1106 1349 1305 1390 Ceterum
1347 1350 1389 1389 in
1430 1349 1556 1391 initiis
1597 1349 1673 1390 ubi

251 1439 457 1467 convocat
488 1443 558 1467 eos
590 1438 732 1481 pater,
773 1443 862 1466 non
897 1426 1013 1481 quasi
1045 1429 1097 1467 ad
1129 1426 1477 1468 benedictionem
1513 1443 1670 1467 convo-

250 1516 338 1556 cat,
376 1505 449 1545 sed
479 1503 534 1544 ita
565 1503 768 1558 scriptum
803 1515 880 1545 est:
920 1503 1173 1559 ‚,vocavit²)
1216 1515 1356 1544 autem
1387 1505 1525 1545 Jacob
1562 1504 1672 1545 filios

251 1600 374 1631 suos,
409 1593 448 1622 et
478 1581 599 1621 dixit:
638 1580 975 1632 congregamini,
1021 1593 1068 1621 ut
1097 1582 1348 1622 annuntiem
1378 1581 1523 1632 vobis,
1565 1598 1673 1637 quae

253 1676 482 1700 occursura
510 1670 608 1699 sunt
637 1658 756 1697 vobis
786 1658 827 1698 in
859 1656 1093 1699 novissimis
1126 1658 1315 1698 diebu‘s.“
1364 1658 1499 1712 Quod
1528 1659 1675 1714 utique

251 1736 382 1787 magis
413 1735 684 1791 prophetismi
715 1734 930 1786 significat,
964 1752 1040 1789 per
1072 1751 1221 1789 quam,
1256 1751 1363 1789 quae
1393 1734 1440 1776 iis
1473 1747 1672 1776 eventura

249 1824 363 1861 sunt,
395 1814 725 1867 praesignantur.
769 1811 817 1851 In
849 1813 940 1866 ipso
977 1823 1117 1852 autem
1149 1828 1345 1866 corpore,
1378 1823 1417 1852 et
1447 1811 1553 1861 serie
1584 1828 1673 1852 ver-

250 1891 432 1937 borum,
470 1905 609 1943 neque
649 1889 974 1929 benedictiones
1013 1900 1202 1938 tantum,
1249 1905 1386 1944 neque
1427 1890 1671 1929 futurorum

249 1967 340 2007 sola
369 1964 707 2020 praenuntiatio,
749 1975 955 2020 quantum
986 1982 1151 2015 mores,
1193 1966 1256 2005 vel
1297 1966 1569 2020 propositum
1602 1983 1673 2006 eo-

250 2060 366 2092 rum,
401 2043 466 2083 vel
498 2042 619 2084 ctiam
653 2044 860 2098 quaedam
905 2043 956 2082 ab
1000 2042 1046 2083 iis
1077 2055 1186 2094 gesta
1218 2042 1463 2083 notabiliter
1494 2060 1676 2095 arguun-

251 2133 331 2161 tur.
393 2124 514 2181 Quae
544 2136 607 2160 res
638 2119 763 2161 nobis
793 2119 1070 2174 tripartitam,
1104 2131 1150 2160 ut
1180 2121 1222 2160 in
1254 2119 1342 2160 aliis
1373 2121 1572 2172 fecimus,
1605 2137 1674 2161 ex-

252 2197 507 2253 planationis
537 2197 755 2238 materiam
785 2196 967 2252 subjicit,
998 2197 1050 2238 ita
1072 2209 1117 2237 ut
1139 2196 1455 2238 benedictiones
1476 2197 1675 2239 historiae

253 2276 399 2315 locum
429 2286 613 2323 servent,
656 2274 879 2329 prophetia
926 2289 1026 2313 vero
1065 2275 1289 2332 mysticum
1331 2285 1457 2328 atque
1497 2274 1672 2327 dogma-

254 2350 460 2407 ticum‚³)
490 2368 659 2392 morum
692 2349 905 2405 correptio
939 2360 978 2389 et
1010 2349 1251 2406 objurgatio
1284 2351 1491 2391 moralem
1525 2352 1675 2403 dirigat

253 2431 419 2489 stylum.

366 2509 404 2549 2.
435 2505 690 2561 „Ruben,⁴²)
722 2504 871 2561 inquit,
901 2505 1210 2561 primogenitus
1240 2520 1382 2554 meus,
1410 2504 1539 2547 virtus
1567 2521 1675 2555 mea,

375 2654 418 2708 1>
451 2653 603 2695 Genes.
634 2651 789 2703 XLIX,
819 2650 884 2693 28.
1006 2652 1051 2702 ²)
1086 2651 1236 2692 Genes.
1266 2651 1421 2702 XLIX,
1454 2652 1492 2693 1.

373 2724 419 2777 ³)
450 2723 519 2765 Sic
550 2734 661 2763 recte
693 2738 839 2762 omnes
871 2721 967 2761 Mss.
1013 2722 1129 2762 Male
1160 2737 1259 2762 vero
1291 2706 1390 2761 editi
1421 2721 1480 2776 (e.
1512 2738 1545 2763 c.
1580 2722 1675 2763 edd.

260 2780 367 2837 Μ.);
398 2779 728 2830 „dogmaticum.
790 2778 991 2831 Quorum
1022 2779 1270 2834 correptio“
1299 2789 1376 2819 etc.
1408 2777 1459 2820 R.

377 2850 423 2904 ⁴>
454 2848 603 2891 Genes.
634 2847 789 2900 ΧιιΧ,
820 2849 858 2891 3.
888 2847 927 2890 4.
