1764 3096
447 119 493 149 m
525 106 724 148 GENEsm
755 104 954 147 HommA
979 105 1093 147 XVI.
1389 110 1476 153 273

61 221 171 262 enim
204 221 287 262 tale
316 217 477 274 aliquid
509 229 548 258 et
578 234 600 259 a
630 217 767 259 Paulo
798 217 904 267 fieri,
934 235 1030 259 cum
1062 219 1114 259 ab
1147 232 1197 259 eo
1229 219 1275 268 is,
1306 221 1377 274 qui
1407 238 1473 262 se-

58 310 144 339 met
174 297 313 352 ipsum
342 312 422 351 pro
454 294 656 336 foeditate
686 306 856 336 actuum
889 294 1105 337 consortio
1136 306 1379 336 sanctorum
1409 298 1471 337 fe-

60 374 115 414 cit
143 373 375 424 indignum,
406 371 645 427 traditur¹)
682 370 874 420 Satanae,
905 383 952 413 ut
983 372 1115 413 discat
1144 388 1236 413 non
1270 372 1468 428 blasphe-

56 465 185 490 mare.
243 448 293 489 In
336 466 420 505 quo
462 449 608 504 utique
644 464 771 488 nemo
806 448 952 490 dixerit
981 448 1163 490 Paulum
1197 450 1303 490 dure
1333 449 1473 501 egisse,

57 525 128 580 qui
160 525 379 567 hominem
412 528 464 568 de
494 525 665 567 ecclesia
698 524 830 581 ejecit,
862 537 901 566 et
931 526 1112 567 Satanae
1142 526 1323 567 tradidit.
1383 527 1470 567 Sed

53 602 99 643 in
128 603 248 643 iilum
278 604 369 644 sine
401 602 532 643 dubio
567 601 692 656 culpa
732 602 933 650 refertur,
972 601 1043 657 qui
1085 619 1166 657 pro
1200 603 1358 644 actibus
1387 604 1471 646 suis

53 679 222 728 meruit,
254 691 301 719 ut
329 697 418 720 non
451 680 487 720 ei
519 689 619 719 esset
647 677 692 718 in
712 678 883 719 ecclesia
904 678 1036 726 locus,
1065 680 1138 718 sed
1163 679 1342 720 Satanae
1366 697 1471 721 con-

54 755 186 796 sortio
218 768 451 796 mereretur
482 754 665 812 adjungi.
722 754 782 794 Ita
816 768 912 804 ergo
947 766 986 794 et
1015 754 1202 809 Joseph,
1236 772 1333 796 curn
1361 757 1471 799 nihil

53 833 274 873 Hebraeae
306 833 527 880 libertatis,
565 830 668 871 nihil
699 830 948 872 israeliticae
987 830 1217 872 nobilitatis
1256 831 1299 872 in
1331 834 1466 891 Aegy-

52 909 146 965 ptiis
177 909 448 964 providisset,
489 907 611 959 digna
652 907 814 948 servitia
847 906 976 960 digno
1011 906 1250 948 dominatui
1280 909 1467 952 sociavit.

55 985 144 1037 Ego
178 986 301 1027 etiam
333 987 511 1042 amplius
553 985 712 1040 aliquid
752 984 860 1025 dico.
932 984 1123 1025 Invenies
1171 998 1211 1027 et
1240 986 1284 1027 in
1317 987 1466 1028 divinis

53 1063 436 1118 dispensationibus
475 1063 557 1102 tale
587 1061 748 1116 aliquid
787 1072 968 1112 gestum,
1010 1060 1055 1100 in
1096 1077 1170 1111 eo,
1209 1064 1328 1116 quod
1368 1064 1470 1105 dicit

54 1140 218 1181 BIoses:
250 1139 435 1192 ‚,cum2)
467 1137 670 1179 divideret
698 1137 896 1177 Excelsus
927 1148 1088 1188 gentes,
1121 1149 1159 1178 et
1195 1138 1469 1191 distingueret

50 1218 153 1257 fines
184 1218 381 1267 gentium,
412 1216 648 1255 secundum
678 1230 905 1253 numerum
937 1215 1184 1265 angelorum
1215 1214 1298 1257 Dei
1327 1218 1470 1272 posuit

54 1310 132 1342 eas,
170 1304 209 1333 et
238 1293 350 1333 facta
382 1303 438 1332 est
469 1308 565 1346 pars
595 1289 776 1331 Domini
805 1291 957 1340 Jacob,
986 1291 1198 1333 funiculus
1227 1294 1468 1337 hereditatis

52 1368 138 1425 ejus
169 1369 334 1411 Israelf‘
391 1367 521 1408 Vides
554 1383 665 1419 ergo,
697 1366 902 1421 quoniam
940 1384 1020 1423 pro
1052 1369 1209 1410 meritis
1238 1369 1469 1426 unicuique

50 1446 162 1497 genti
194 1446 443 1496 angelorum
474 1443 668 1485 statuitur
696 1442 969 1499 principatus,
998 1460 1096 1499 pars
1129 1457 1267 1487 autem
1287 1446 1468 1488 Domini

47 1538 144 1574 gens
176 1521 356 1562 efficitur
384 1521 524 1562 Israel.

160 1600 200 1642 3.
232 1598 335 1639 Post
364 1599 466 1640 haec
498 1597 709 1653 sequitur:
752 1597 1144 1653 ‚,vendiderunt‚³)
1182 1599 1340 1654 inquit,
1380 1601 1464 1641 Ae-

50 1676 179 1734 gyptii
208 1687 366 1716 terram
396 1691 516 1716 suam
548 1673 786 1721 Pharaoni,
827 1674 1009 1714 obtinuit
1050 1676 1160 1716 enirn
1201 1692 1272 1717 eos
1299 1679 1468 1718 fames.“

49 1752 320 1808 Vituperati0
360 1752 464 1793 mihi
504 1752 668 1793 videtur
708 1761 746 1790 ct
782 1749 826 1790 in
865 1751 949 1791 hoc
986 1751 1294 1809 Aegyptiorum
1330 1754 1466 1796 conti-

47 1828 152 1870 neri.
219 1829 321 1868 Non
367 1829 478 1870 enirn
528 1827 648 1868 facile
691 1828 743 1867 de
781 1826 986 1869 Hebraeis
1023 1829 1226 1884 scripturn
1267 1829 1466 1881 invenies,

50 1906 148 1961 quia
182 1904 366 1946 obtinuit
397 1921 468 1946 eos
496 1906 641 1947 fames.
687 1904 803 1944 Licet
828 1903 940 1943 enirn
969 1904 1173 1959 scripturn
1193 1904 1257 1954 sit,
1287 1907 1466 1962 quod⁴)

0 1996 1 2001 ¹
47 1981 224 2023 invaluit
261 1982 391 2021 fames
429 1997 555 2035 super
603 1991 784 2029 terram,
832 1996 922 2019 non
969 1991 1111 2020 tamen
1148 1981 1353 2035 scriptum
1392 1995 1465 2033 est,

0 2060 2 2099 ,

0 2127 3 2174 ι

0 2194 3 2239 2

0 2299 5 2360 l.

0 2438 6 2514 Ε

50 2057 228 2114 quod5)
260 2055 442 2096 obtinuit
471 2057 602 2096 fames
630 2055 780 2104 Jacob,
813 2068 882 2096 aut
899 2056 1009 2097 filios
1034 2056 1134 2113 ejus,
1162 2056 1270 2097 sicut
1299 2059 1351 2098 de
1380 2061 1463 2099 Ae·

48 2134 196 2192 gyptiis
228 2133 392 2182 dicitur,
423 2132 604 2188 quodfi)
635 2132 819 2173 obtinuit
838 2149 907 2174 cos
930 2134 1071 2173 fames.
1121 2133 1321 2192 Quamvis
1351 2136 1464 2176 enim

49 2210 186 2251 veniat
218 2209 339 2250 etiarn
373 2210 427 2248 ad
457 2207 588 2265 justos
620 2210 760 2258 fames,
788 2225 877 2250 non
899 2221 1041 2249 tamen
1059 2208 1222 2249 obtinet
1241 2226 1333 2251 eos:
1359 2228 1463 2267 pro-

49 2299 145 2343 pter
173 2288 293 2343 quod
325 2298 363 2326 et
391 2286 627 2338 gloriantur
656 2285 700 2325 in
732 2301 801 2334 ea,
839 2286 946 2326 sicut
975 2285 1133 2326 Paulus
1172 2285 1385 2328 invenitur
1412 2290 1462 2331 li-

47 2364 196 2405 benter
225 2362 396 2415 gloriari
431 2363 475 2404 in
495 2361 540 2416 ⁷)
570 2361 862 2417 hujuscemodi
893 2362 1181 2418 passionibus,
1212 2380 1307 2404 cum
1340 2365 1461 2406 dicit:

164 2552 208 2606 ¹)
240 2550 326 2592 Cfr.
359 2551 377 2590 I
410 2551 510 2592 Cor.
540 2553 591 2601 V,
624 2554 664 2594 5.
786 2552 831 2604 ²)
862 2551 990 2591 Deut.
1016 2550 1204 2604 XXXII,
1232 2551 1271 2594 8.
1302 2553 1340 2594 9.

163 2621 205 2673 3)
240 2619 389 2662 Genes.
412 2621 581 2671 XLVII,
594 2623 659 2665 20.
751 2620 796 2675 4)
826 2620 1141 2662 Edd.Merlini:
1161 2621 1259 2677 quia
1279 2621 1460 2663 invaluit.

170 2690 214 2742 ⁵)
245 2690 355 2730 Edd.
386 2689 580 2732 NIerlini:
614 2691 711 2746 qula
743 2689 938 2732 obtinuit.

167 2758 213 2812 ⁶)
245 2758 356 2800 Edd.
385 2759 580 2801 Merlini:
615 2760 712 2815 quia
743 2759 937 2801 obtinuit.

168 2828 212 2883 ⁷)
257 2828 384 2869 Deest
413 2829 511 2879 ‚,in“
542 2830 586 2870 in
618 2831 714 2871 edd.
745 2828 808 2870 M.

54 2905 274 2948 Omessms
305 2904 475 2949 OPERA.
505 2906 624 2949 Tom.
644 2906 756 2949 vlu.
1090 2906 1143 2949 18
