1764 3096
0 2817 4 2862 ’ἓ

1 2928 7 2957 ἰ

488 122 536 153 m
552 107 768 152 ,GENESIN
807 105 1007 149 Honmm
1031 103 1106 147 ΙΙΙ.
1425 105 1506 149 161

88 241 166 283 per
194 234 375 266 mortem
406 220 561 263 Christi
595 219 640 261 in
679 233 863 274 corpore
901 232 998 258 meo
1039 215 1408 277 circumferam,¹)
1438 227 1499 256 tc-

89 313 344 345 stamentum
375 296 530 340 Christi
570 306 630 351 est
667 295 712 336 in
742 310 924 351 corpore
953 309 1075 343 meo,
1106 293 1204 349 quia
1232 292 1352 347 „si²)
1383 309 1500 333 com-

87 381 284 436 patimur,
315 388 354 417 et
392 372 783 425 conregnabimus.“
850 371 897 414 Si
936 370 1247 426 complantatus
1285 371 1409 411 suero
1445 371 1501 412 si-

87 452 316 499 militudini
345 450 494 493 mortis
524 448 627 506 ejus,
654 459 954 490 testamentum
985 447 1074 505 ejus
1104 448 1284 489 ostendo
1317 463 1404 489 esse
1433 463 1504 489 su-

87 549 166 589 per
195 545 363 572 carnem
390 543 545 568 meam.
595 525 714 580 Quid
736 525 848 566 enim
878 526 1065 581 prodest,
1097 525 1131 567 si
1159 524 1204 566 in
1234 525 1306 566 illa
1335 535 1503 565 tantum

89 625 235 657 carne,
273 621 399 661 quam
430 604 483 644 de
512 601 650 644 Maria
678 601 884 658 suscepit,
916 601 1054 643 dicam
1085 601 1244 644 venisse
1275 601 1506 650 Christum,

86 697 126 727 et
152 682 495 726 non>0stendam
526 679 650 722 etiam
680 680 725 720 in
754 664 834 721 hac
862 695 958 720 mea
987 696 1135 728 carne,
1171 680 1288 735 quod
1318 676 1507 720 venerit?

88 762 280 805 Ostendo
312 770 452 800 autem
483 756 540 799 ita
571 758 766 807 demum,
797 755 852 807 si,
892 756 1258 812 quemadmodum
1282 756 1404 819 ¹prius
1435 771 1506 796 ex-

84 837 204 880 hibui
232 838 424 878 membra
454 851 549 877 mea
577 830 732 877 servire
759 833 971 890 iniquitati
1003 834 1056 874 ad
1082 830 1360 889 iniquitatem,
1390 849 1507 874 nunc

85 932 133 958 ea
163 925 406 956 convertam
426 924 466 954 et
496 912 715 953 exhibeam
745 911 899 953 servire
916 909 1099 968 justitiae
1126 911 1180 952 ad
1205 909 1504 952 sanctificatio-

83 1009 196 1035 nem.
256 991 577 1032 Testamentum
615 988 702 1031 Dei
734 988 913 1031 ostendo
955 1004 1042 1031 esse
1078 987 1123 1029 in
1157 1004 1282 1029 carne
1312 1004 1427 1037 mea,
1473 986 1507 1029 si

83 1081 268 1126 potuero
299 1066 440 1109 dicere
469 1068 705 1108 secundum
735 1067 944 1116 Paulum,
975 1065 1072 1122 quia
1102 1063 1299 1116 „Christo
1317 1065 1361 1120 ³)
1401 1079 1506 1105 con-

85 1145 308 1187 crucifixus
336 1162 452 1187 sum:
484 1145 578 1186 vivo
611 1157 752 1186 autem
782 1143 868 1201 jam
897 1159 988 1185 non
1020 1159 1110 1196 ego,
1140 1142 1239 1184 vivit
1255 1159 1354 1184 vero
1381 1142 1508 1184 Chri-

21 1225 26 1235 “
84 1233 170 1265 stus
200 1221 246 1263 in
274 1227 396 1263 me:“
426 1233 467 1264 et
495 1220 529 1264 si
546 1234 729 1278 potuero
756 1221 908 1272 dicere,
941 1232 986 1276 ut
1009 1220 1098 1277 ipse
1122 1220 1308 1262 dicebat:
1339 1235 1443 1272 „ego
1462 1216 1507 1274 ⁴)

88 1311 229 1341 autem
258 1298 448 1352 stigmata
479 1298 657 1340 Domini
688 1298 773 1339 mei
804 1299 906 1340 Jesu
938 1297 1093 1339 Christi
1122 1296 1166 1338 in
1197 1312 1380 1352 corpore
1408 1311 1508 1336 meo

86 1381 258 1432 porto.“
325 1375 437 1418 Vere
479 1369 620 1415 autem
665 1375 738 1429 ille
789 1374 1038 1417 ostendebat
1082 1385 1378 1416 testamentum
1426 1371 1511 1413 Dei

88 1469 174 1495 esse
203 1469 330 1508 super
361 1468 531 1493 carnem
562 1469 694 1502 suam,
735 1452 806 1508 qui
839 1452 1024 1493 dicebat:
1066 1452 1241 1508 ‚‚quis⁵)
1280 1467 1359 1491 nos
1389 1467 1510 1505 sepa-

88 1529 199 1571 rabit
228 1546 251 1571 a
283 1529 452 1571 caritate
482 1527 580 1578 Dei,
611 1545 718 1584 quae
736 1541 795 1570 est
816 1529 859 1569 in
880 1529 1049 1569 Christo
1073 1526 1210 1570 Jesu?
1240 1526 1512 1569 Tribulatio?

89 1623 144 1647 an
175 1603 391 1656 augustia?
430 1621 484 1645 an
513 1604 784 1660 periculum?
825 1623 879 1648 an
909 1604 1069 1658 gladius
1082 1604 1128 1645 ?“
1189 1603 1235 1645 Si
1266 1605 1379 1644 enim
1409 1619 1514 1645 voce

87 1682 388 1723 tantummodo
421 1683 701 1722 confiteamur
728 1683 969 1723 Dominum
991 1682 1153 1731 Jesum,
1181 1693 1221 1722 ct
1249 1698 1338 1722 non
1371 1692 1514 1723 osten-

36 1787 38 1791 *
91 1758 247 1813 damus.
269 1770 567 1800 testamentum
601 1758 686 1817 ejus
719 1776 805 1801 csse
833 1776 960 1815 super
999 1775 1170 1800 carnem
1208 1770 1424 1809 nostram,
1448 1775 1513 1800 se-

92 1836 280 1877 cundum
321 1836 585 1892 haec‚‘quae
616 1853 743 1892 supra
781 1836 1074 1892 exposuimus,
1113 1835 1353 1877 videbimur
1390 1835 1517 1877 etiam

91 1929 170 1954 nos
201 1911 337 1953 simile
370 1912 530 1968 aliquid
560 1916 700 1955 facere
730 1914 920 1963 Judaeis,
956 1913 1029 1969 qui
1059 1912 1152 1955 solo
1185 1912 1517 1954 circumcisionis

90 1987 209 2042 signo
250 1989 395 2030 Deum
435 2007 479 2030 se
519 1990 715 2031 confiteri
763 2001 937 2045 putant,
994 1989 1112 2030 sactis
1159 2000 1301 2029 autem
1349 1998 1518 2040 negant.

93 2065 230 2107 Nobis
261 2077 402 2106 autem
441 2077 622 2120 praestet
652 2066 868 2108 Dominus
900 2066 1030 2106 corde
1061 2065 1255 2115 credere,
1301 2082 1375 2106 ore
1414 2081 1517 2105 con-

95 2140 226 2191 fiteri,
269 2142 467 2198 operibus
508 2145 791 2198 comprobare
836 2155 1130 2185 testamentum
1162 2142 1245 2183 Dei
1276 2159 1362 2184 esse
1393 2159 1519 2198 super

97 2235 266 2260 carnem
307 2230 520 2268 nostram,
559 2220 671 2276 utf')
717 2220 931 2275 „videntes
973 2220 1167 2261 homines
1208 2237 1337 2277 opera
1373 2231 1521 2262 nostra

39 2317 44 2319 ·
98 2297 226 2346 bona,
255 2296 527 2348 magnificent
556 2308 719 2352 patrem
750 2310 960 2347 nostrum,
991 2297 1063 2353 qui
1094 2297 1136 2338 in
1160 2298 1287 2340 coelis
1315 2302 1414 2347 est,“
1443 2313 1520 2352 per

100 2373 243 2414 Jesum
287 2372 500 2414 Christum
544 2373 783 2416 Dominum
830 2387 1049 2424 nostrum,
1095 2374 1161 2415 cui
1203 2386 1264 2415 ost
1302 2372 1435 2426 glorIa
1474 2371 1520 2412 in

102 2451 265 2490 saecula
294 2450 574 2491 saeculorum.
635 2454 787 2500 Amen.

222 2595 264 2648 ¹)
304 2595 390 2665 (ΠΤ.
422 2597 461 2637 II
497 2597 594 2639 Cor.
626 2599 700 2648 IV,
732 2600 795 2642 10.
914 2601 960 2654 ²)
991 2603 1030 2642 ll
1062 2601 1250 2642 Timoth.
1284 2599 1336 2646 Π,
1366 2597 1431 2639 12·

218 2666 266 2718 ¹³)
299 2666 436 2711 Galat.
469 2667 519 2716 II,
553 2668 617 2713 19.
648 2671 715 2712 20.
834 2668 881 2727 4)
915 2671 1053 2712 Galat.
1084 2672 1157 2719 VI,
1189 2672 1254 2712 17.

224 2734 269 2787 ⁵)
302 2735 390 2776 Cfr.
423 2737 547 2779 Rom.
578 2737 693 2788 VIII,
720 2741 786 2783 35.
908 2741 954 2795 ὃ>
989 2740 1077 2782 Csr.
1108 2741 1260 2782 Matth.
1291 2739 1343 2789 V,
1373 2739 1439 2782 16.

111 2915 329 2957 Ome-mus
364 2917 536 2959 OPERA.
571 2917 690 2961 Tom.
722 2920 833 2975 VIII.
896 2900 899 2901 ⁷
1091 2924 1142 2966 11
