1764 3096
0 242 4 295 ,ι

0 305 5 342 ἑ

0 362 5 479 Ξ

503 110 549 140 m
581 97 778 138 GENEsm
807 94 1009 137 HOMILIA
1035 95 1129 139 XV.
1439 100 1520 144 267

105 211 352 255 stimonium
380 210 522 250 dare.“
577 210 738 250 Verum
770 223 846 259 ego
880 208 1059 264 amplius
1079 208 1218 250 adhuc
1248 209 1408 265 aliquid
1438 214 1522 255 hoc

108 290 153 331 in
186 291 284 330 loco
317 286 502 328 arbitror
531 288 661 327 latere
689 285 888 343 mysterii.
953 285 1102 326 RIovet
1141 286 1262 344 enimv
1291 304 1372 337 me,
1404 292 1523 344 quod

109 365 233 408 dixit:
264 363 368 419 in¹)
399 375 561 415 gentem
594 378 789 413 magnam
821 362 973 403 faciam
1003 374 1063 411 te,
1111 374 1150 403 et
1181 365 1433 406 descendam
1465 378 1525 407 te-

110 460 206 484 cum
239 443 284 484 in
316 444 573 496 Aegyptum,
605 451 643 480 et
670 439 772 480 inde
802 450 842 479 te
870 441 1081 480 revocabo
1110 439 1154 480 in
1186 441 1357 481 finem.“
1417 442 1524 497 Quis

108 532 168 561 est
196 519 285 568 iste,
317 518 386 574 qui
417 519 552 559 factus
585 529 642 558 est
671 517 716 557 in
748 528 911 567 gentem
944 533 1140 568 magnam
1172 518 1215 558 in
1247 520 1453 577 Aegypto,
1487 532 1527 561 et

106 597 150 638 in
180 599 266 638 fine
296 607 512 637 revocatus
544 593 630 637 est?
692 593 912 648 Quantum
955 596 1006 635 ad
1037 595 1175 635 Jacob
1205 595 1327 636 illum
1359 610 1528 652 spectat,

110 676 165 715 de
194 690 279 729 quo
313 673 396 714 dici
426 683 610 728 putatur,
639 687 728 712 non
751 671 959 712 videbitur
984 688 1069 712 esse
1090 689 1248 713 verum.
1293 674 1391 715 Non
1415 675 1527 716 enim

107 763 326 793 revocatus
358 762 418 792 est
445 749 490 790 in
518 751 648 791 finem
681 750 734 789 de
766 750 980 807 Aegypto,
1012 749 1170 805 quippe
1203 749 1275 805 qui
1306 752 1528 792 defunctus

107 828 153 870 in
183 831 378 886 Aegypto
411 838 478 869 est.
538 828 781 867 Absurdum
813 836 951 866 autem
985 826 1082 876 erit,
1120 827 1151 868 si
1184 826 1274 883 quis
1303 828 1346 868 in
1383 845 1432 869 eo
1463 845 1530 870 re-

109 917 309 952 vocatum
343 904 444 945 dicit
475 920 497 944 a
527 903 624 944 Deo
645 903 797 951 Jacob,
831 903 929 958 quia
962 920 1114 960 corpus
1146 904 1235 960 ejus
1264 918 1528 960 reportatum

112 995 181 1024 est.
243 982 376 1036 Quod
405 980 439 1022 si
468 980 709 1036 recipiatur,
738 996 828 1020 non
860 981 938 1021 erit
969 998 1140 1030 verum,
1173 983 1291 1037 quod
1324 984 1467 1031 „Deus
1484 984 1530 1039 ²)

109 1077 203 1102 non
235 1071 294 1100 est
325 1059 443 1099 Deus
468 1069 757 1107 mortuorum,
786 1060 859 1099 sed
888 1057 1121 1103 vivorum,“
1164 1060 1264 1101 Non
1294 1077 1391 1111 ergo
1425 1079 1529 1102 con-

112 1137 225 1179 venit
252 1138 338 1178 hoc
370 1138 422 1177 de
453 1151 636 1190 corpore
667 1147 840 1176 mortuo
870 1135 1072 1188 intelligi,
1101 1138 1174 1177 sed
1206 1154 1333 1192 super
1362 1137 1461 1179 vivis
1495 1151 1534 1180 et

113 1215 346 1266 vigentibus
377 1211 622 1268 approbari.
682 1212 911 1255 Videamus
944 1229 1063 1266 ergo,
1101 1231 1154 1254 ne
1193 1215 1304 1255 forte
1344 1216 1407 1255 vel
1439 1217 1534 1257 Do-

114 1292 221 1332 mini
261 1288 550 1331 descendentis
586 1288 631 1329 in
672 1288 785 1328 hunc
815 1291 1048 1339 mundum,
1088 1303 1126 1331 et
1161 1292 1206 1332 in
1244 1303 1410 1343 gentem
1442 1290 1535 1334 ma-

115 1384 255 1419 gnam,
284 1368 368 1408 hoc
399 1377 469 1414 est,
498 1365 541 1406 in
574 1365 791 1406 ecclesiam
824 1382 870 1406 ex
900 1368 1091 1419 gentibus
1122 1368 1296 1422 facti,³)
1336 1385 1536 1410 consum-

115 1445 324 1500 matisque
356 1442 553 1485 omnibus
594 1444 646 1483 ad
678 1455 842 1497 patrem
881 1445 1073 1496 regressi:
1113 1447 1177 1486 vel
1209 1447 1464 1501 protoplasti
1491 1447 1536 1488 in

115 1524 199 1564 hoc
232 1523 364 1575 figura
402 1522 633 1569 formetur,
675 1519 747 1575 qui
785 1521 828 1561 in
871 1537 1023 1573 agones
1064 1524 1279 1564 descendit
1313 1523 1357 1564 in
1400 1527 1536 1582 Aegy-

116 1612 253 1655 ptum,
285 1616 381 1639 cum
414 1599 466 1639 de
496 1597 680 1654 paradisi
723 1597 881 1639 deliciis
920 1597 1094 1655 ejectus,
1137 1601 1188 1640 ad
1230 1599 1353 1656 hujus
1385 1602 1538 1643 mundi

117 1677 285 1719 labores
317 1692 624 1730 aerumnasque
656 1675 900 1728 deducitur,
939 1677 1164 1732 proposito
1203 1676 1281 1718 sibi
1324 1695 1420 1718 cum
1449 1695 1537 1719 ser-

118 1767 246 1811 pente
277 1752 518 1802 certamine,
549 1770 645 1793 cum
679 1753 855 1794 dicitur:
884 1765 956 1803 „tu
972 1754 1017 1810 ⁴)
1057 1755 1168 1795 illius
1197 1755 1438 1796 observabis
1470 1772 1539 1796 ca-

118 1845 210 1889 put,
242 1844 280 1872 et
308 1832 399 1887 ipse
429 1842 548 1872 tuum
584 1832 826 1872 observabit
856 1832 1157 1873 calcaneum:“
1189 1844 1227 1873 et
1255 1831 1407 1873 iterum
1441 1851 1539 1874 cum

122 1912 176 1951 ad
206 1910 428 1951 mulierem
460 1909 635 1950 dicitur:
677 1909 801 1963 „quia
830 1909 1055 1964 ponam5)
1095 1908 1334 1950 inimicitias
1361 1911 1472 1950 inter
1500 1922 1542 1951 te

121 1988 275 2042 ipsum,
309 1998 349 2026 et
376 1986 486 2026 inter
513 2003 657 2028 semen
687 1999 820 2034 tuum,
851 1998 891 2026 et
917 2002 1062 2027 semen
1085 1986 1236 2026 illius.“
1282 1987 1370 2027 Nec
1400 1999 1542 2028 tamen

127 2081 197 2104 eos
228 2063 272 2104 in
304 2063 386 2103 hoc
427 2064 657 2104 certamine
696 2064 854 2119 positos
897 2064 1048 2103 deserit
1077 2063 1218 2112 Deus,
1264 2065 1336 2105 sed
1375 2081 1544 2120 semper

125 2152 185 2183 est
216 2157 311 2181 cum
343 2139 453 2195 ipsis.
514 2138 825 2195 Complacetss)
856 2140 900 2181 in
932 2141 1055 2188 Abet,
1087 2141 1263 2196 corripit
1295 2141 1413 2182 Cain.
1472 2143 1544 2183 In·-

123 2228 297 2258 vocatus
329 2219 443 2258 adest
471 2218 636 2259 Enoch.
708 2218 890 2260 Noacho
931 2219 1106 2258 mandat
1135 2218 1180 2258 in
1212 2218 1368 2260 diluvio
1402 2237 1545 2260 arcam

124 2295 268 2336 salutis
298 2307 516 2338 exstruere.
575 2296 794 2337 Abraham
836 2295 1008 2336 deducit
1048 2296 1099 2335 de
1139 2297 1270 2336 domo
1310 2309 1439 2350 patris
1467 2297 1546 2346 sui,

129 2384 168 2413 et
209 2374 261 2413 de
302 2373 558 2424 cognatione
597 2390 694 2415 sua:
749 2374 864 2415 Isaac
903 2385 941 2413 et
979 2373 1117 2413 Jacob
1159 2373 1393 2414 benedicit:
1435 2373 1544 2415 filios

127 2451 254 2491 Israel
286 2448 485 2503 educit7)
517 2466 563 2491 ex
594 2453 800 2508 Aegypto.
845 2450 928 2490 Per
946 2451 1254 2503 Mosenlegem
1285 2451 1411 2491 literis
1442 2450 1544 2492 scri-

251 2631 294 2686 ¹)
328 2630 480 2674 Genes.
509 2633 660 2682 XLVI,
691 2635 729 2675 3.
761 2633 800 2675 4.
919 2635 964 2686 2)
995 2634 1147 2675 Matth.
1179 2634 1319 2682 XXII,
1348 2635 1414 2676 32.

249 2701 296 2754 ³)
326 2703 448 2743 Mssa
480 2702 643 2751 „facti.“
672 2703 789 2744 Editi
826 2704 884 2759 (v.
918 2721 949 2744 c.
981 2705 1076 2744 edd.
1107 2702 1209 2757 Μ.);
1250 2704 1474 2752 „factum.“
1497 2703 1546 2745 R.

250 2770 295 2825 ²)
328 2770 478 2814 Genes.
510 2773 582 2822 ΙΙΙ,
615 2774 681 2815 15.
799 2774 844 2828 ⁵)
877 2773 1029 2814 Genes.
1063 2773 1132 2822 Ill,
1165 2774 1228 2815 15.

251 2841 296 2896 ⁶)
331 2840 480 2884 Genes.
510 2842 580 2882 lV.
700 2843 744 2898 ⁷)
774 2843 910 2884 Exod.
941 2845 1056 2885 XIV.
