1764 3096
254 96 338 143 190
853 91 1075 136 Omenms

254 208 399 260 tentia,
428 223 536 265 quae
567 205 691 249 dicit:
722 221 822 257 „vos
843 205 886 262 1>
925 217 1064 249 autem
1106 205 1150 246 in
1192 220 1321 246 carne
1350 221 1439 247 non
1472 207 1576 257 estis,
1604 213 1677 253 sed
1735 236 1738 244 ι

254 287 299 329 in
327 286 489 342 spiritu,
519 284 553 326 si
583 296 724 326 tamen
755 283 925 338 spiritus
962 282 1047 325 Dei
1091 283 1249 324 habitat
1282 282 1323 323 in
1357 283 1525 324 vol›is:“
1566 297 1605 326 et
1633 298 1678 328 tu

256 363 436 417 erg0‚‚si
465 363 558 404 talis
589 378 642 412 es,
671 377 761 402 non
795 377 836 401 es
865 362 1101 402 secundum
1135 376 1306 403 carnem
1337 373 1483 411 natus,
1513 364 1588 403 sed
1617 380 1681 404 sc-

257 444 449 484 cundum
478 438 672 496 spiritum
703 454 782 494 per
811 437 1211 494 repromissionem,
1252 450 1293 479 et
1330 439 1409 481 eris
1451 439 1572 481 heres
1616 458 1682 481 re-

254 517 615 576 promissionum,
652 516 889 558 secundum
930 517 1049 571 quod
1084 515 1243 556 dictum
1287 527 1368 557 est:
1415 516 1682 573 ‚,heredes²)

256 596 430 653 quidem
463 594 559 644 Dei,
589 593 821 635 coheredes
852 605 991 634 autem
1025 592 1220 633 Cl‘n·isti.“
1292 593 1391 634 Non
1433 593 1513 634 eris
1553 594 1684 634 cohe-
1740 616 1743 625 κ

257 690 322 715 res
354 672 465 730 ejus,
506 671 580 728 qui
618 673 858 714 secundum
897 686 1067 712 carnem
1108 682 1232 712 natus
1275 682 1353 721 cst,
1392 672 1466 713 sed
1508 671 1684 712 coheres

260 749 438 798 Christi,
493 748 591 804 quia
640 748 802 805 ‚,etsi3)
853 748 1130 800 cognovimus
1180 747 1399 790 Christum
1448 750 1685 791 secundum
1744 775 1756 786 =.

258 842 442 876 carnem,
473 827 547 867 sed
577 843 693 867 nunc
723 825 806 882 jam
839 843 931 867 non
959 826 1195 868 novimus.“

369 904 408 946 3.
438 904 495 944 Et
533 915 677 944 tamen
705 905 942 946 secundum
976 920 1045 954 ea,
1089 919 1198 959 quae
1235 902 1390 959 scripta
1429 914 1549 953 sunt,
1595 919 1683 943 non

258 980 397 1031 viden,
434 980 537 1036 quid
567 981 751 1022 moverit
780 981 945 1031 Saram,
975 994 1021 1023 ut
1049 981 1185 1023 filium
1216 981 1395 1022 ancillae
1423 979 1591 1037 juberet
1620 996 1688 1020 ex·
1720 999 1722 1001 ·
1760 997 1764 1021 :

258 1058 373 1113 pelli.
442 1058 636 1099 Ludebat
677 1075 775 1099 cum
813 1059 903 1099 filio
949 1057 1091 1113 51104)
1131 1058 1289 1099 Isaac.⁴
1341 1057 1457 1112 Quid
1499 1059 1688 1107 laeserat,

259 1147 332 1177 aut
361 1135 464 1191 quid
495 1146 716 1184 nocuerat,
745 1135 779 1176 si
809 1134 1017 1176 ludebat?
1076 1135 1208 1189 Quasi
1247 1153 1335 1177 non
1377 1137 1461 1177 hoc
1500 1135 1544 1176 in
1576 1145 1689 1175 aeta-

257 1225 300 1254 te
333 1212 405 1254 illa
437 1212 562 1253 etiam
595 1223 756 1263 gratum
791 1228 877 1254 esse
907 1212 1115 1261 debuerit,
1148 1214 1265 1267 quod
1295 1214 1439 1255 luserit
1469 1212 1580 1253 filius
1613 1228 1687 1251 au—

261 1290 386 1332 cillae
418 1306 516 1330 cum
548 1287 640 1329 filio
673 1289 845 1330 liberae.
904 1288 1018 1330 Tum
1059 1290 1215 1331 deinde
1246 1302 1286 1331 et
1317 1290 1578 1346 Apostolum
1609 1289 1688 1330 mi-

259 1385 348 1418 ror,
379 1368 451 1422 qui
480 1367 634 1408 ludum
662 1366 778 1407 hunc
807 1366 1152 1423 persecutionem
1183 1368 1496 1425 pronuntiavit,
1527 1366 1694 1408 dicens:

260 1447 361 1498 „sed
382 1444 429 1498 ⁵)
454 1444 564 1487 sicut
591 1455 693 1485 tunc
726 1444 781 1495 is,
822 1444 896 1501 qui
920 1446 1157 1486 secundum
1189 1462 1359 1486 carnem
1389 1457 1510 1486 natus
1526 1445 1572 1501 6)
1601 1446 1694 1486 fue—-

261 1535 340 1572 rat,
371 1522 710 1578 persequebatur
746 1537 868 1572 eum,
914 1523 986 1578 qui
1023 1525 1261 1565 secundum
1300 1522 1519 1579 spiritum,
1556 1522 1614 1564 ita
1655 1533 1695 1564 et

260 1604 431 1641 nunc:“
470 1615 569 1640 cum
609 1597 757 1654 utique
793 1601 912 1641 nulla
958 1603 1197 1656 persecutio
1237 1601 1423 1644 Ismaelis
1471 1602 1693 1644 adversum
1736 1596 1764 1624 '¹

262 1677 380 1719 Isaac
410 1688 528 1718 mota
557 1678 782 1726 referatur,
811 1675 890 1719 nisi
921 1677 990 1719 hie
1020 1680 1135 1721 solus
1165 1681 1292 1721 ludus
1329 1679 1545 1721 infantiae.
1606 1679 1692 1719 Sed

263 1754 504 1804 videamus,
551 1753 656 1809 quid
685 1752 729 1794 in
760 1755 844 1795 hoe
874 1755 980 1796 ludo
1013 1755 1263 1798 intellexerit
1291 1755 1473 1805 Paulus,
1521 1767 1560 1797 et
1591 1755 1695 1811 quid
1755 1795 1758 1806 ,

261 1831 481 1883 indignata
510 1831 562 1872 sit
592 1830 721 1875 Sara„
770 1830 977 1887 Superius
1006 1833 1090 1890 jam
1123 1846 1380 1890 exponentes
1408 1832 1696 1890 spiritualiter,

262 1911 365 1951 loco
396 1908 555 1950 virtutis
583 1909 806 1963 posuimus
839 1909 1006 1953 Saram.
1078 1911 1122 1951 Si
1155 1926 1253 1962 ergo
1285 1928 1409 1962 caro,
1447 1910 1565 1967 cujus
1595 1926 1693 1966 per-

264 2003 416 2029 sonam
447 1985 551 2039 gerit
581 1987 759 2036 Ismael,
808 1986 880 2043 qui
910 1989 1146 2028 secundum
1179 2004 1349 2029 carnem
1380 1988 1580 2037 nascitur,
1610 1989 1696 2043 spi-

265 2063 364 2105 ritui
394 2063 662 2114 blandiatur,
693 2064 765 2120 qui
797 2076 855 2106 est
883 2064 1012 2116 Isaac,
1043 2076 1084 2105 et
1113 2065 1373 2108 illecebrosis
1405 2066 1504 2107 c'um
1535 2081 1587 2106 eo
1621 2065 1694 2106 de-

267 2141 536 2197 ceptionibus
579 2154 688 2195 agat,
730 2141 763 2183 si
805 2142 1160 2184 delectationibus
1201 2143 1369 2194 illiciat,
1408 2143 1698 2198 voluptatibus
1757 2156 1760 2158 '

266 2217 454 2267 molliat,
500 2217 798 2275 hujuscemodi
838 2221 963 2261 ludus
1007 2221 1142 2262 carnis
1181 2238 1278 2262 cum
1319 2220 1491 2276 spiritu,
1544 2222 1695 2261 Saram

266 2295 466 2345 maxime,
492 2311 600 2350 quae
631 2308 689 2337 est
718 2297 862 2346 virtus,
893 2297 1095 2347 offendit,
1129 2310 1167 2338 et
1199 2297 1497 2354 hujuscemodi
1528 2298 1697 2338 blandi-

267 2385 410 2414 menta
448 2372 761 2416 acerbissimam
806 2374 1147 2429 persecutionem
1190 2374 1351 2430 judicat
1396 2375 1566 2417 Paulus.
1642 2373 1694 2414 Et

388 2575 432 2631 ¹)
464 2574 589 2616 Rom.
619 2574 736 2623 VIII,
765 2574 802 2617 9.
980 2576 1027 2630 2)
1059 2576 1184 2620 Rom.
1216 2577 1331 2627 VIII,
1364 2579 1430 2621 17.

388 2644 433 2700 ³)
465 2644 505 2684 Π
536 2643 639 2685 Cor.
668 2646 722 2695 V,
752 2645 818 2688 16.
977 2645 1023 2702 4)
1052 2647 1182 2689 Deest
1211 2654 1346 2699 „su0“
1376 2650 1420 2690 in
1453 2648 1548 2689 edd.
1580 2647 1641 2688 M.

387 2714 433 2771 ⁵)
473 2714 612 2756 Galat.
643 2715 714 2766 lv,
743 2717 809 2759 29.

388 2785 434 2840 6)
466 2785 589 2829 Μεε.;
630 2797 778 2835 „natus
809 2787 1002 2841 suerat;“
1046 2803 1154 2845 quae
1194 2789 1321 2831 verba
1353 2787 1396 2831 in
1429 2789 1546 2833 libris
1577 2787 1695 2830 editis

271 2845 329 2900 (ε,
364 2860 396 2884 c.
431 2842 525 2884 edd.
555 2841 642 2898 M.)
675 2843 941 2886 omittuntur.
973 2843 1023 2885 Β,
