1764 3096
240 33 324 78 168
576 17 590 39 x'
834 33 1058 78 Omessms

239 163 340 189 nem
369 145 595 188 hominum
625 147 797 192 sactus.“
855 147 1088 192 Descendit
1118 165 1231 203 ergo.
1281 149 1521 207 ‚,Neque¹)
1553 152 1662 196 enirn

242 225 347 266 alius
378 224 598 266 adscendit
629 224 672 266 in
705 225 898 278 coelum,
940 227 1019 268 nisi
1063 226 1135 283 qui
1177 226 1396 269 descendit
1436 228 1490 269 de
1531 229 1668 280 coelo,

242 301 354 343 filius
384 301 582 358 hominis,
615 303 688 359 qui
719 315 779 344 est
809 302 852 344 in
884 305 1048 347 coelo.“
1108 304 1343 345 Descendit
1381 321 1480 358 crgo
1511 305 1668 348 Domi-

197 413 202 415 .
242 397 323 421 nus
353 396 443 421 non
473 379 614 421 solum
646 396 823 430 curare,
849 382 924 423 sed
956 394 996 424 et
1025 393 1211 438 portare,
1243 397 1350 438 quae
1383 391 1530 424 nosti-a
1559 395 1670 425 sunt.

242 457 450 498 Formam
480 474 666 514 namque
695 458 802 500 servi
832 459 1006 515 accepit,
1053 472 1093 501 et
1124 477 1221 501 cum
1252 459 1341 515 ipse
1371 459 1589 503 invisibilis
1619 459 1672 502 sit

242 545 432 584 naturae,
476 546 627 590 utpote
657 536 843 592 aequalis
873 537 1004 594 patri,
1046 537 1239 579 habitum
1280 549 1423 580 tamen
1461 538 1670 580 visibilem

243 612 448 668 suscepit,
489 623 532 653 et
568 626 760 669 repertus
807 625 867 655 est
896 614 1042 656 habitu
1073 627 1120 656 ut
1150 617 1298 658 homo.
1375 616 1461 659 Sed
1503 627 1544 658 et
1574 633 1672 657 cum

245 690 479 744 descendit,
509 689 831 736 aliisdeorsum
862 704 944 743 est,
986 692 1076 735 aliis
1116 710 1217 735 vero
1249 694 1471 736 adscendit
1510 704 1551 734 et
1578 709 1672 734 sur-

244 785 340 810 sum
370 780 442 810 est.
521 769 633 810 Nam
665 779 705 810 et
735 770 875 812 clectis
905 770 1185 827 Apostolis2)
1219 770 1437 812 adsccndit
1471 769 1515 811 in
1545 786 1672 811 mon·

244 858 332 888 tem
360 846 584 896 excelsum,
616 858 656 888 et
685 846 744 888 ibi
774 849 1096 891 transformatus
1137 859 1197 890 est
1229 865 1374 890 coram
1405 846 1516 903 ipsis.
1586 845 1672 887 Illis

245 924 370 977 ergo,
418 940 526 980 quos
567 924 621 965 de
659 923 866 984 mysteriis
906 926 1023 979 regni
1055 926 1277 967 coelorum
1310 927 1458 974 docet,
1504 939 1673 965 sursum

243 1012 330 1053 est3
356 1000 492 1042 turbis
524 1012 678 1051 autem,
710 1013 751 1043 ct
779 1003 1027 1054 pharisaeis,
1062 1003 1216 1060 quibus
1237 1005 1466 1060 exprobrat
1486 1012 1673 1058 peccata,

246 1078 448 1119 deorsum
479 1090 551 1131 est,
583 1090 622 1119 et
651 1078 712 1119 ibi
743 1091 803 1121 est
826 1078 930 1122 xcum
959 1080 1071 1137 ipsis,
1102 1081 1177 1123 ubi
1202 1083 1379 1123 foenum
1416 1091 1488 1122 est.
1514 1080 1673 1121 Trans-

243 1144 424 1197 formari
454 1167 594 1197 autem
627 1157 829 1198 deorsum
859 1173 950 1197 non
979 1170 1161 1214 poterat,
1190 1160 1265 1200 sed
1295 1175 1463 1199 sursum
1495 1156 1671 1199 adscen—

245 1232 308 1274 dit
338 1251 436 1275 cum
465 1233 527 1285 iis,
559 1232 632 1289 qui
661 1232 781 1289 sequi
811 1249 854 1275 se
881 1245 1095 1290 poterant,
1127 1246 1166 1276 et
1195 1234 1255 1275 ibi
1284 1235 1628 1276 transformatur.

357 1309 398 1354 6.
430 1310 708 1366 Descendi3)
740 1326 852 1364 ergo,
883 1310 1047 1367 inquit,
1079 1323 1126 1354 ut
1156 1311 1344 1363 videam,
1376 1312 1411 1354 si
1439 1311 1675 1352 secundum

245 1380 479 1429 clamorem
510 1405 683 1439 eorum,
718 1388 791 1444 qui
820 1390 934 1430 venit
963 1390 1017 1430 ad
1049 1407 1143 1441 me,
1173 1400 1535 1432 consummentur.
1597 1387 1675 1429 Sin

245 1477 402 1516 autem,
433 1477 480 1506 ut
509 1466 679 1508 sciam.“
739 1466 863 1522 Ex4)
893 1467 973 1508 isto
992 1484 1189 1510 sermone
1207 1466 1408 1510 haeretici
1425 1466 1676 1522 impugnare

245 1543 386 1584 solent
414 1543 558 1584 Deum
589 1561 756 1595 meum,
790 1544 997 1587 dicentes:
1031 1562 1127 1587 ecce
1159 1545 1373 1586 nesciebat
1403 1544 1522 1585 Deus
1562 1541 1694 1595 legiss

247 1620 351 1676 quid
381 1632 575 1674 agereiur
603 1621 646 1662 in
679 1621 894 1670 Sodomis,
924 1622 1004 1664 nisi
1029 1623 1324 1673 descendisset,
1355 1633 1402 1662 ut
1431 1621 1605 1670 videret,
1636 1630 1677 1660 et

245 1697 438 1748 misisset,
468 1697 541 1754 qui
572 1697 792 1740 discerent.
839 1699 924 1739 Sed
946 1715 1039 1747 nos,
1072 1699 1226 1755 quibus
1257 1697 1518 1755 praecipitur
1547 1712 1677 1753 proe-

245 1774 345 1816 liari
373 1774 539 1831 proelia
567 1773 771 1824 Domini,
810 1791 1009 1817 acuamus
1047 1777 1244 1818 adversus
1284 1793 1356 1817 eos
1397 1775 1677 1830 romphaeam

246 1851 366 1892 verbi
396 1851 501 1902 Dei,
541 1863 581 1892 et
618 1867 892 1893 occurramus
922 1852 971 1894 iis
1010 1855 1063 1894 ad
1094 1869 1295 1909 pugnam.
1356 1854 1525 1896 Stemus
1554 1851 1600 1892 in
1631 1868 1676 1892 a-

247 1928 372 1983 cie5)
403 1927 604 1970 succincti
634 1928 805 1970 lumbos
834 1929 879 1969 in
909 1929 1102 1980 veritate,
1141 1930 1268 1972 simul
1310 1942 1349 1971 et
1378 1923 1546 1971 scutum
1577 1928 1677 1970 fidei

247 2007 559 2062 praeferentes,
602 2006 856 2062 excipiamus
896 2024 1045 2048 eorum
1090 2019 1295 2049 venenata
1337 2004 1677 2063 disputationum

246 2081 401 2140 iacula,
432 2095 473 2124 et
500 2082 546 2123 in
574 2081 689 2138 ipsos
724 2100 771 2125 ca
801 2101 970 2125 rursum
1010 2084 1162 2127 librata
1204 2083 1443 2137 diligefitius
1473 2095 1676 2139 torquea-

246 2176 356 2202 mus.
415 2159 538 2200 Talia
566 2176 752 2216 namque
781 2173 879 2204 sunt
916 2161 1080 2218 proelia
1110 2162 1313 2212 Domini,
1354 2177 1462 2219 quae
1490 2160 1676 2216 proelia-

249 2249 316 2278 tus
347 2247 407 2278 est
435 2236 589 2287 David,
621 2249 662 2277 et
692 2237 819 2278 ceteri
848 2237 1122 2292 patriarchae.
1183 2239 1351 2282 Stemus
1375 2241 1572 2280 adversus
1604 2256 1676 2281 eos

247 2335 317 2343 -——

250 2392 454 2432 derantur
488 2390 534 2432 in
573 2390 692 2431 libris
725 2402 846 2432 antea
877 2390 998 2433 editis
1037 2390 1095 2446 (v.
1129 2407 1164 2436 c.
1197 2392 1296 2435 edd.
1330 2392 1441 2449 M),
1472 2393 1546 2435 sed
1575 2409 1676 2450 sup·-

247 2449 421 2504 plentur
449 2464 471 2488 e
500 2446 634 2490 tribus
665 2447 766 2490 Mss.
799 2448 1135 2490 Turonensibus.
1164 2449 1215 2490 R.

367 2517 410 2571 ¹)
440 2517 516 2557 Ev.
545 2521 702 2561 Joann.
732 2518 807 2568 III,
839 2518 903 2560 13.

361 2587 409 2637 2)
442 2586 529 2628 Csr.
560 2587 694 2629 Marc.
725 2588 801 2637 IX,
830 2591 868 2631 2.
900 2606 1015 2646 seqq.
1146 2589 1196 2645 ³)
1229 2589 1382 2633 Genes.
1414 2590 1574 2643 XVIII,
1605 2592 1673 2634 21.

363 2657 408 2711 ⁴)
440 2657 510 2699 Sic
541 2658 700 2700 habent
729 2670 811 2700 tres
840 2659 942 2700 BIss.
975 2659 1272 2712 Turonenses,
1312 2661 1412 2704 libri
1443 2678 1542 2705 vero
1574 2660 1674 2704 editi

245 2717 305 2770 (v.
336 2731 370 2756 c.
403 2715 499 2756 edd.
531 2715 639 2769 M.):
671 2716 760 2765 „Ex
788 2714 869 2756 isto
900 2733 988 2758 uno
1022 2723 1258 2762 sermone.“
1288 2717 1339 2762 R.

363 2784 408 2840 ⁵)
440 2784 550 2828 Edd.
583 2785 777 2829 Merlini:
809 2785 954 2829 aciem.
