1764 3096
244 79 327 123 144
840 77 1059 120 Omcssms

245 189 404 234 fueritis
445 201 486 231 et
526 188 665 231 effecti
706 187 812 230 sicut
850 205 956 245 puer
997 189 1087 238 hic,
1127 203 1215 229 non
1254 186 1481 230 introibitis
1514 189 1557 231 in
1593 205 1655 231 re-

244 286 373 323 gnum
405 267 510 309 Dei:
554 292 605 299 -—
647 265 872 307 missurum
913 283 999 309 esse
1028 282 1226 313 manum,
1267 276 1307 305 et
1343 264 1447 306 nihil
1486 265 1658 305 laeden-

246 344 438 400 dum?¹)
469 345 548 384 Vel
581 342 704 384 etiam
734 343 806 384 illa
838 343 983 394 figura,
1018 359 1146 398 quam
1178 341 1323 382 Petrus
1354 340 1438 398 jam
1468 358 1584 383 nunc
1614 341 1658 383 in

246 422 420 465 ccclesia
450 421 596 462 haberi
628 421 774 469 docet,
823 436 919 461 cum
959 419 1147 475 resert2)
1185 436 1227 460 se
1266 418 1469 460 visionem
1500 417 1659 466 vidisse,

245 501 288 541 in
319 516 401 555 qua
434 498 576 540 omnia
608 497 925 553 quadrupedia,
956 509 995 539 et
1023 496 1177 538 bestiae
1207 508 1365 545 terrae,
1397 511 1444 536 ac
1473 493 1659 536 volatilia

247 577 355 618 coeli
403 577 511 616 intra
550 590 681 614 unum
728 573 826 614 fidei
866 573 1042 615 linteum
1082 572 1434 623 continebantur,
1475 583 1660 628 quatuor

244 653 573 705 Evangeliorum
602 650 727 692 initiis
758 652 983 704 alligatum.

357 731 396 774 6.
427 729 586 770 Verum
626 728 828 783 quoniam
860 745 978 778 arca,
1015 743 1141 784 quam
1173 725 1411 767 describere
1442 741 1662 775 conamur,

244 825 336 850 non
365 806 504 848 solum
535 804 803 855 bicamerata,
833 807 905 847 sed
936 817 976 847 et
1005 805 1267 846 tricamerata
1299 820 1322 844 a
1348 802 1445 843 Deo
1473 800 1660 843 construi

246 884 430 941 jubetur,
463 898 636 938 operam
669 882 816 923 demus
847 894 887 922 et
933 899 1012 924 nos
1043 883 1096 923 ad
1127 882 1237 923 hanc
1269 879 1504 936 duplicem,
1552 893 1660 933 quae

246 959 480 1017 praecessit,
509 959 828 1014 expositionem,
856 961 1090 1001 secundum
1120 969 1396 1015 praeceptum
1423 955 1505 996 Dei
1536 955 1661 995 etiam

247 1036 410 1077 tertiam
440 1034 625 1092 jungere.
683 1035 825 1077 Prima
859 1037 993 1086 enim,
1033 1053 1141 1092 quae
1178 1033 1423 1091 praecessit,
1463 1030 1662 1073 historica

249 1124 321 1162 cst,
353 1111 478 1153 veluti
509 1113 835 1154 fundamentum
877 1114 1094 1168 quoddam
1131 1112 1174 1153 in
1211 1109 1484 1153 inferioribus
1512 1108 1661 1165 posita.

249 1189 446 1232 Secunda
476 1190 601 1239 haec,
639 1188 834 1246 mystica,
878 1188 1074 1244 superior
1111 1199 1150 1228 et
1179 1188 1379 1229 excelsior
1409 1186 1497 1228 suit.
1556 1185 1662 1226 Ter-

247 1267 363 1316 tiam,
389 1266 423 1307 si
451 1282 688 1321 possumus,
716 1266 946 1316 moralem,
990 1276 1198 1305 tentemus
1230 1263 1433 1320 adjicere:
1475 1262 1663 1318 quamvis

249 1355 288 1384 et
318 1342 402 1383 hoc
429 1342 595 1397 ipsum,
637 1344 754 1398 quod
794 1359 934 1398 neque
972 1342 1276 1383 bicameratam
1313 1341 1453 1382 solum
1493 1340 1595 1381 dixit
1625 1350 1665 1380 ct

246 1417 381 1470 siluit,
429 1434 569 1474 neque
609 1419 917 1462 tricameratam
955 1431 1141 1468 tantum,
1171 1430 1210 1459 et
1240 1417 1430 1468 cessavit,
1460 1418 1534 1459 sed
1566 1433 1662 1458 cum

248 1496 412 1537 dixisset
439 1495 756 1547 bicameratam,
787 1496 953 1539 addidit
974 1508 1014 1538 et
1042 1495 1367 1545 tricameratam,
1396 1495 1536 1551 nec3)
1567 1496 1662 1536 abs-

248 1589 330 1629 que
358 1571 483 1629 hujus
512 1573 640 1628 ipsius
673 1572 954 1629 expositionis,
987 1590 1116 1629 quam
1145 1573 1349 1615 habemus
1383 1572 1427 1613 in
1449 1570 1660 1621 manibus,

252 1649 440 1690 videatur
471 1665 557 1691 esse
587 1651 800 1707 mysterio.
869 1651 980 1691 Nam
1018 1650 1281 1692 tricamerata
1310 1649 1521 1705 triplicem
1552 1648 1663 1690 hanc

249 1725 555 1782 expositionem
587 1726 786 1778 designat.
806 1727 851 1780 ⁴)
920 1727 1002 1768 Sed
1044 1727 1143 1782 quia
1172 1743 1262 1768 non
1293 1742 1460 1782 semper
1487 1725 1532 1766 in
1563 1725 1662 1767 scri-

249 1803 381 1859 pturis
427 1801 576 1844 divinis
622 1802 848 1846 historialis
895 1804 1195 1859 consequentia
1231 1814 1342 1845 stare
1379 1815 1537 1859 potest,
1588 1803 1662 1845 sed

247 1897 340 1921 non
370 1895 592 1934 nunquam
622 1878 774 1928 deficit,
803 1891 859 1929 ut,
889 1881 1007 1921 verbi
1038 1897 1183 1930 causa,
1215 1897 1310 1921 cum
1342 1880 1517 1922 dicitur:
1549 1879 1660 1936 „spi-

250 1955 390 2010 nae5)
430 1968 655 1996 nascentur
686 1955 730 1996 in
747 1955 792 2010 ⁶)
822 1973 953 1997 manu
985 1956 1140 1998 ebriosi
1155 1960 1191 1996 :“
1229 1967 1268 1997 et
1299 1972 1395 1998 cum
1426 1956 1470 1998 in
1499 1957 1660 2011 templo

251 2049 274 2073 a
305 2033 538 2074 Salomone
567 2043 812 2073 constructo
845 2032 1021 2074 dicitur:
1061 2032 1226 2088 „vox⁷)
1269 2033 1412 2075 mallei
1441 2045 1480 2075 et
1507 2032 1662 2076 securis

251 2124 340 2149 non
379 2119 438 2150 est
475 2108 616 2150 audita
656 2109 700 2150 in
740 2111 872 2151 domo
904 2109 1036 2150 Dei:“
1079 2109 1300 2151 etiterum
1330 2111 1374 2152 in
1405 2109 1661 2164 Levitico,⁸)

253 2202 350 2227 cum
379 2187 496 2241 lepra
526 2185 696 2240 parietis
730 2196 769 2227 et
798 2186 1021 2241 pelliculae
1061 2198 1100 2229 et
1136 2186 1322 2230 staminis
1360 2186 1510 2244 inspici
1540 2185 1658 2243 jube-

362 2388 414 2443 „¹)
443 2388 553 2430 Edd.
583 2387 781 2430 Merlini:
811 2386 1090 2430 nocendum?
1122 2388 1201 2429 Vel
1232 2400 1304 2430 etc.

367 2456 416 2513 2)
444 2459 535 2499 Act.
566 2457 622 2507 X,
652 2458 717 2499 10.
746 2474 859 2514 seqq.

366 2526 413 2582 ³)
442 2527 554 2569 Edd.
583 2526 776 2568 Merlini:
807 2544 862 2568 ne
891 2528 1048 2583 absque
1087 2540 1161 2570 etc.

369 2595 415 2652 ⁴¹)
444 2596 524 2639 Ed.
554 2595 707 2637 Ruaei:
739 2597 965 2650 designant.
1089 2598 1136 2653 ⁵)
1165 2597 1290 2641 Prov.
1321 2598 1478 2650 XXVI,
1507 2599 1544 2641 9.

367 2667 414 2720 ⁶)
444 2666 557 2708 Edd.
587 2665 784 2706 Merlini:
814 2664 858 2706 in
887 2682 1036 2708 manus
1064 2666 1231 2711 ebriosi.

368 2734 414 2790 ⁷)
443 2737 463 2776 I
492 2736 618 2787 Regg.
649 2734 721 2786 VJ,
753 2736 789 2778 7.
820 2734 906 2791 (ΙΙΙ
932 2735 1081 2794 Regg.)

368 2805 414 2861 ⁸)
446 2804 532 2850 Csr.
562 2803 731 2849 Levitic.
759 2805 875 2849 XIII.
