1764 3096
285 75 370 120 124
887 70 1107 115 Omcssms

285 191 464 232 diceret:
493 187 628 240 „vado
647 184 691 242 ι>
721 186 773 227 ad
803 196 968 242 patrem
998 203 1143 228 meum
1174 197 1213 228 et
1231 197 1396 242 patrem
1424 197 1619 237 vesu-um,
1647 189 1701 229 ad

283 267 429 308 Deum
459 281 604 307 meum
635 275 675 305 et
705 265 758 305 ad
788 263 931 309 Deum
960 269 1186 307 vestrum.“
1257 264 1353 320 Ipse
1383 280 1482 304 vero
1514 262 1598 320 jam
1628 280 1704 319 pe-

284 343 407 387 tierat
434 355 600 400 patrem
630 358 711 398 pro
745 340 960 397 discipulis
992 341 1086 392 suis,
1116 353 1161 382 ut
1190 341 1238 383 iis
1266 340 1498 382 similitudo
1530 339 1706 395 pristina

283 422 556 470 redderetur,
598 436 694 460 cum
736 417 863 458 dixit:
907 417 1121 472 „Pater2)
1163 418 1238 467 da,
1267 429 1315 458 ut
1343 417 1450 459 sicut
1483 433 1560 470 ego
1593 428 1632 458 et
1660 428 1707 458 tu

285 515 422 540 unum
453 513 618 546 sumus,
663 495 719 536 ita
759 506 798 536 et
834 495 899 537 isti
938 495 979 536 in
1018 496 1143 537 nobis
1171 513 1306 536 unum
1349 495 1468 537 sint.“
1528 494 1710 549 Semper

287 592 388 627 ergo
420 575 664 615 intueamur
693 574 815 614 istam
846 573 1072 626 imaginem
1096 572 1191 623 Dei,
1221 585 1267 613 ut
1295 573 1504 628 possimus
1536 572 1588 612 ad
1621 569 1710 627 ejus

285 650 604 694 similitudinem
637 650 875 692 reformari.
945 650 990 693 Si
1031 650 1144 691 enim
1188 651 1242 690 ad
1272 649 1499 701 imaginem
1530 649 1614 689 Dei
1644 649 1708 688 sa-

287 741 377 771 ctus
404 730 553 777 homo,
583 738 732 769 contra
761 738 956 768 naturam
980 727 1149 768 intuens
1168 725 1394 777 imaginem
1427 725 1604 774 diaboli,
1633 740 1712 780 per

285 818 510 862 peccatum
550 804 695 847 similis
735 802 823 859 ejus
864 806 1038 846 effectus
1080 816 1158 845 est:
1198 805 1334 844 multo
1374 804 1505 856 magis
1542 803 1711 844 intuens

285 883 511 936 imaginem
543 881 648 933 Dei,
687 883 741 923 ad
773 881 889 939 cujus
918 880 1238 923 similitudinem
1280 882 1413 922 sactus
1455 891 1512 921 est
1541 895 1564 919 a
1595 878 1708 928 Deo,
1759 905 1763 917 .

286 978 366 1018 per
396 961 589 1002 Verbum
629 958 730 1013 et3)
775 958 973 999 virtutem
1015 956 1101 1014 ejus
1141 957 1316 1012 recipiet
1352 959 1539 998 sormam
1575 955 1710 1006 illam,

290 1054 401 1094 quae
432 1039 530 1078 data
571 1036 609 1087 ei
646 1037 784 1077 fuerat
819 1051 904 1093 per·
934 1047 1144 1077 naturam.
1210 1035 1296 1076 Sed
1334 1051 1464 1076 nemo
1506 1036 1712 1089 desperet,

288 1114 435 1156 videns
462 1112 783 1155 similitudinem
815 1128 937 1153 suam
956 1113 1085 1163 magis
1116 1128 1202 1155 esse
1233 1130 1330 1154 cum
1361 1111 1551 1161 diabolo,
1582 1127 1713 1166 quam

291 1207 391 1231 cum
422 1191 543 1240 Deo,
580 1205 705 1245 posse
743 1204 787 1230 se
829 1187 985 1230 iterum
1022 1205 1274 1245 recuperare
1303 1191 1487 1230 formam
1519 1188 1713 1241 imaginis

288 1267 388 1317 Dei,
419 1266 519 1322 quia
547 1283 642 1307 non
668 1265 782 1306 venit
812 1257 1009 1306 Salvator
1036 1282 1195 1306 vocare
1224 1266 1379 1322 justos,
1407 1265 1482 1306 sed
1511 1276 1713 1321 peccato—

289 1360 356 1386 res
385 1344 431 1385 in
461 1343 782 1397 poenitentiam.
847 1342 1084 1383 Matthaeus
1123 1341 1377 1398 publicanus
1409 1353 1518 1393 erat,
1555 1354 1596 1383 et
1632 1341 1716 1383 uti-

289 1437 375 1477 que
403 1421 544 1473 imago
576 1419 664 1477 ejus
694 1419 869 1461 diabolo
899 1418 1046 1461 similis
1076 1430 1188 1469 erat,
1223 1421 1298 1460 sed
1327 1419 1496 1463 veniens
1527 1422 1582 1462 ad
1610 1420 1717 1462 ima-

290 1498 433 1552 ginem
460 1496 559 1548 Dei,
588 1496 831 1538 Dominum
862 1507 901 1538 et
931 1496 1197 1538 salvatorem
1221 1508 1439 1549 nostrum,
1471 1509 1511 1539 et
1538 1513 1717 1553 sequens

294 1592 413 1626 eam,
459 1575 784 1617 transformatus
827 1585 885 1616 est
923 1575 978 1614 ad
1015 1572 1337 1615 similitudinem
1383 1574 1576 1626 imaginis
1615 1574 1713 1616 Dei.

290 1652 495 1702 Jacobus‚
527 1651 740 1692 Zebedaei
770 1651 893 1701 filius,
923 1661 963 1691 et
992 1650 1203 1700 Joannes,
1233 1652 1364 1692 frater
1392 1650 1502 1708 ejus,
1529 1652 1714 1707 piscato-

293 1746 361 1771 res
390 1741 522 1779 crant,
554 1740 594 1769 et
623 1728 818 1785 homines
850 1729 940 1769 sine
970 1728 1122 1778 literis,
1164 1727 1237 1783 qui
1274 1728 1422 1784 utique
1450 1740 1553 1769 tunc
1583 1729 1717 1780 magis

294 1807 353 1847 ad
381 1805 609 1858 imaginem
640 1805 802 1847 diaboli
828 1804 1149 1846 similitudinem
1180 1806 1395 1857 ferebant,
1432 1806 1507 1846 sed
1535 1821 1718 1861 sequen-

293 1895 354 1926 tes
386 1894 428 1924 et
455 1882 523 1923 isti
550 1881 779 1933 imaginem
808 1881 908 1931 Dei,
935 1882 1090 1923 similes
1120 1882 1220 1923 facti
1244 1893 1341 1923 sunt
1363 1881 1412 1931 ei,
1440 1882 1548 1923 sicut
1578 1894 1617 1922 et
1648 1898 1717 1923 ce-

294 1961 376 2002 teri
404 1959 614 2016 Apostoli.
666 1958 823 2000 Paulus
853 1959 983 2014 ipsius
1004 1958 1195 2010 imaginis
1225 1959 1309 1999 Dei
1339 1970 1586 2015 persecutor
1615 1970 1716 2001 erat.

293 2040 353 2081 Ut
391 2050 532 2079 autem
573 2035 713 2092 potuit
752 2037 952 2076 decorem
1003 2033 1091 2092 ejus
1128 2046 1169 2076 et
1205 2035 1569 2091 pulchritudinem
1612 2052 1718 2077 con-

295 2114 418 2164 tueri,
447 2115 530 2155 visa
562 2130 609 2155 ea
638 2115 683 2155 in
712 2124 877 2153 tantum
908 2114 962 2153 ad
994 2111 1081 2171 ejus
1111 2111 1431 2155 similitudinem
1462 2115 1716 2154 reformatus

298 2203 370 2241 est,
398 2202 444 2231 ut
475 2190 652 2230 diceret:
681 2206 762 2239 „an
778 2188 823 2243 ⁴)
855 2190 1163 2231 documentum
1193 2190 1391 2246 quaeritis
1421 2189 1533 2246 ejus,
1569 2190 1641 2245 qui
1670 2190 1717 2232 in

296 2285 369 2310 me
398 2267 592 2322 loquitur
623 2266 811 2307 Christus
828 2263 875 2305 ?“

412 2346 478 2388 14.
509 2342 838 2397 ῃΜᾱεςυίυωῆ
869 2354 911 2383 et
937 2342 1141 2384 seminam
1170 2343 1270 2385 fecit
1299 2359 1393 2394 eos,
1435 2355 1474 2385 et
1502 2343 1718 2386 benedixit

299 2441 372 2466 eos
400 2423 539 2472 Deus,
580 2420 744 2462 dicens:
785 2419 958 2462 crescite
996 2430 1036 2460 et
1072 2419 1434 2476 multiplicamini,
1478 2432 1520 2463 et
1555 2421 1718 2478 replete

418 2549 464 2604 ¹)
493 2548 569 2589 Ev.
599 2547 757 2587 Joann.
787 2545 884 2596 XX,
914 2545 979 2588 17.

416 2619 464 2675 2)
496 2618 584 2658 Cfr.
616 2632 674 2658 ev.
703 2619 860 2658 Joann.
890 2615 1028 2665 XVII,
1056 2615 1123 2658 21.
1152 2616 1220 2659 22.

416 2689 463 2744 3)
494 2687 604 2729 Edd.
644 2686 840 2728 Merliui:
873 2698 912 2728 et
940 2686 1138 2731 virtutem
1168 2685 1257 2744 ejus
1296 2686 1469 2744 recipiet
1510 2686 1596 2746 ejus
1625 2689 1715 2731 sor-

299 2762 414 2790 mam
444 2746 562 2787 illam
594 2755 669 2785 etc.

417 2814 462 2870 ⁴)
498 2814 584 2858 Csr⁴
614 2815 653 2857 ΙΙ
687 2813 784 2858 Cor.
818 2814 934 2866 XIII,
969 2815 1012 2866 3,
1128 2815 1175 2870 ⁵)
1205 2814 1355 2858 Genes.
1391 2813 1425 2868 I,
1455 2816 1519 2860 27.
1550 2814 1616 2860 28.
