1764 3096
447 121 495 151 m
528 108 727 151 Gmmsm
757 107 958 151 Homitm
988 108 1079 149 VII.
1115 120 1134 123 ·
1387 110 1471 155 189

52 223 178 281 pulus
217 223 290 265 ille
320 221 498 264 carnalis
528 222 769 262 adversatur
796 218 895 260 huie
923 220 1092 276 populo
1122 220 1351 276 spirituali,
1386 225 1471 268 sive

56 303 180 342 etiam
211 301 320 341 inter
347 315 427 340 nos
457 299 585 354 ipsos,
613 295 647 338 si
677 295 768 351 quis
800 297 940 337 adhuc
960 297 1137 339 carnalis
1169 310 1238 347 est,
1269 301 1469 355 spiritua-

53 378 165 419 libus
194 378 447 418 adversatur.
504 375 614 414 Nam
646 383 686 413 ct
714 383 782 422 tu,
826 372 859 414 si
888 375 1122 415 secundum
1154 392 1324 418 carnem
1356 379 1470 430 vivis,

54 466 95 494 et
122 455 355 496 secundum
387 467 557 493 carnem
590 449 874 499 conversaris,
911 451 1020 492 filius
1053 468 1093 493 cs
1124 452 1257 504 Agar,
1298 466 1336 495 et
1363 473 1468 511 pro-

49 541 195 585 pterea
225 528 450 570 adversaris
481 527 555 575 his,
587 526 660 581 qui
689 528 926 567 secundum
945 528 1141 583 spiritum
1171 530 1325 574 vivunt.
1373 533 1469 575 Sic-

48 617 94 646 ut
125 607 248 647 etiam
283 607 328 647 in
357 603 481 645 nobis
510 602 608 658 ipsis
637 602 671 643 si
700 603 966 658 requirimus,
996 605 1232 649 invenimus
1259 612 1469 667 concupi-

47 699 161 724 scere
181 682 224 736 ¹)
255 696 424 721 carnem
466 681 662 721 adversus
699 679 916 736 spiritum,
959 693 997 722 et
1034 683 1231 737 spiritum
1270 687 1467 732 adversus

49 775 233 809 carnem,
264 771 304 800 et
333 758 437 799 haec
465 756 544 799 sibi
575 757 754 798 invicem
786 758 1010 800 adversari,
1065 759 1121 800 Et
1144 760 1381 807 invenimus
1403 768 1465 808 le-

47 851 137 888 gem
154 835 200 890 ²)
236 835 283 876 in
319 834 521 876 membris
558 835 710 876 nostris
748 847 1055 891 repugnantem
1095 838 1176 889 legi
1204 841 1356 882 mentis
1384 860 1466 884 no-

45 925 165 964 strae,
195 924 236 954 et
265 912 452 968 captivos
481 929 561 954 nos
593 913 819 953 ducentem
852 912 897 953 in
942 912 1031 965 lege
1074 916 1250 970 peccati.
1323 919 1464 971 Vides,

46 1001 230 1046 quantae
258 1000 356 1031 sunt
382 1005 552 1045 pugnae
582 990 770 1030 carnales
800 990 995 1031 adversus
1009 991 1238 1046 spiritum?
1283 995 1359 1037 Est
1388 999 1464 1039 ad-

44 1068 127 1108 huc
160 1078 198 1107 et
228 1067 308 1107 alia
337 1083 479 1122 pugna
509 1066 572 1108 his
602 1082 712 1122 pene
743 1066 942 1109 omnibus
981 1068 1231 1118 violentior,
1271 1075 1390 1127 quod
1420 1075 1464 1125 ii,

44 1145 116 1200 qui
147 1146 280 1196 legem
309 1145 545 1186 secundum
577 1159 747 1184 carnem
777 1143 1037 1196 intelligunt,
1080 1147 1355 1190 adversantur
1384 1152 1460 1202 his,

43 1222 117 1277 qui
155 1223 392 1263 secundum
439 1221 634 1276 spiritum
670 1220 878 1271 sentiunt,
928 1233 967 1262 ct
1012 1237 1326 1279 persequuntur
1375 1245 1459 1272 eos.

45 1297 219 1353 Quare?
257 1299 354 1354 quia
397 1297 676 1354 „animalis³)
716 1298 848 1338 homo
887 1314 979 1340 non
1015 1299 1199 1357 percipit
1229 1319 1300 1353 ea,
1351 1322 1461 1362 quae,

40 1387 137 1417 sunt
173 1375 343 1431 spiritus
381 1375 478 1417 Dei.
552 1374 740 1416 Stultitia
785 1386 845 1416 est
884 1375 997 1416 enirn
1028 1377 1112 1427 illi,
1162 1390 1201 1420 et
1239 1398 1327 1422 non
1359 1395 1456 1439 pot-

39 1465 99 1494 est
127 1452 383 1503 intelligere,
414 1451 512 1507 quia
539 1451 811 1507 spiritualiter
840 1452 1136 1509 dijudicatur.“
1185 1456 1240 1497 Et
1267 1471 1314 1499 tu
1346 1475 1461 1512 ergo,

37 1530 70 1571 si
99 1530 230 1570 habes
260 1529 303 1569 in
334 1541 374 1570 te
403 1531 586 1569 fructum
605 1527 650 1584 4)
678 1528 847 1584 spiritus
875 1529 972 1581 Dei,
1008 1533 1124 1585 quod
1157 1543 1214 1574 est
1243 1536 1458 1588 gaudium,

41 1606 208 1656 caritas,
254 1623 356 1662 pax,
385 1605 610 1662 patientia,
655 1605 770 1647 Isaac
801 1622 887 1647 esse
913 1618 1058 1662 potes,
1099 1625 1189 1650 non
1219 1615 1457 1657 secundum

41 1701 212 1728 carnem
240 1694 375 1732 natus,
404 1683 478 1724 scd
506 1683 743 1724 secundum
773 1683 1168 1738 repromissionem3
1215 1700 1254 1729 et
1293 1706 1378 1732 esse
1407 1693 1459 1733 fi-

40 1763 118 1806 lius
146 1763 326 1810 liberae,
363 1760 397 1801 si
435 1771 575 1799 tamen
610 1771 732 1814 potes
764 1772 802 1801 et
831 1772 877 1801 tu
907 1764 1141 1804 secundum
1175 1763 1358 1809 Paulum
1391 1769 1457 1810 di-

41 1857 154 1883 cere:
185 1837 315 1893 „in⁵)
346 1853 472 1879 carne
501 1836 613 1878 enim
646 1838 930 1888 ambulantes,
973 1856 1064 1880 non
1093 1845 1330 1886 secundum
1362 1862 1455 1888 car-

38 1934 136 1960 nem
165 1916 416 1957 militamus:
445 1939 498 1946 -
539 1931 657 1955 arma
693 1915 807 1956 enim
836 1915 1010 1957 militiae
1037 1930 1208 1960 nostrae
1237 1938 1326 1962 non
1357 1935 1456 1964 sunt

40 1993 245 2041 carnalia,
287 1992 361 2033 sed
388 1990 632 2045 potentiass)
662 1991 759 2031 Deo
793 1994 846 2033 ad
864 1992 909 2047 7)
951 1995 1280 2038 destructionem
1313 2000 1456 2041 muni-

37 2072 206 2113 tionum
237 2085 313 2109 —:
354 2066 627 2119 cogitationes
664 2069 944 2118 destruentes,
984 2082 1024 2111 et
1063 2088 1234 2114 omnem
1267 2075 1454 2118 altitudi-

35 2165 135 2190 nem
165 2147 435 2188 extollentem
472 2160 515 2185 se
552 2146 771 2186 adversum
807 2145 1022 2189 scientiam
1062 2149 1183 2191 Dei.“
1256 2152 1300 2192 Si
1330 2166 1454 2209 potes

37 2225 129 2267 talis
159 2240 265 2273 esse,
302 2234 350 2263 ut
392 2221 519 2274 digne
555 2221 633 2263 tibi
673 2233 839 2279 aptetur
869 2225 992 2266 etiam
1026 2224 1099 2268 illa
1128 2227 1327 2283 Apostoli
1355 2248 1451 2274 sen-

154 2453 198 2506 ι)
229 2453 365 2495 Galat.
394 2453 448 2504 V,
476 2455 542 2497 17.
716 2455 762 2510 ²)
794 2455 920 2498 Rom.
952 2455 1046 2506 Vll,
1074 2457 1141 2499 23.

148 2523 194 2577 ³)
224 2523 244 2563 I
275 2522 374 2566 Cor.
403 2524 456 2573 II,
487 2523 552 2568 14.
713 2523 760 2581 4)
792 2525 880 2568 Cfr.
913 2524 1052 2568 Galat.
1083 2527 1144 2579 V,
1172 2529 1240 2572 22.

154 2593 198 2646 ⁵)
227 2593 267 2632 II
299 2591 398 2635 Cor.
427 2594 502 2643 ῙῙῙ,
529 2593 670 2637 3-5.

150 2662 196 2713 ⁶)
227 2662 335 2704 Edd.
364 2664 564 2707 Merlini:
594 2664 785 2721 potentia
817 2682 838 2707 a
870 2666 981 2707 Deo.

151 2731 197 2785 7)
230 2732 300 2774 Sic
329 2745 440 2774 recte
468 2734 627 2776 habent
656 2734 754 2777 Mss.
785 2735 899 2777 Male
929 2753 1029 2778 vero
1062 2736 1161 2779 libri
1191 2739 1291 2780 editi
1320 2740 1379 2797 (v.
1413 2759 1445 2786 c.

37 2789 130 2830 edd.
169 2789 277 2842 M.):
321 2791 401 2840 „ad
442 2791 771 2834 destructionem
813 2793 1143 2846 cogitationum,
1188 2797 1445 2841 destruentes

38 2861 208 2888 ornnem
239 2845 529 2889 altitudinem“
559 2858 633 2891 ete.
665 2847 714 2890 R.
