1764 3096
499 170 546 199 m
577 155 774 198 GENEsm
803 154 1004 198 HommA
1030 157 1082 198 II.
1414 161 1496 206 133

88 280 132 309 ut
162 268 385 319 inferiora,
425 284 533 323 quae
573 266 674 309 dixit
702 266 980 317 bicamerata,
1008 268 1117 309 infra
1146 283 1190 310 se
1220 269 1415 320 haberet,
1455 284 1493 313 ct

88 362 197 400 quae
229 345 328 386 dixit
363 344 645 392 tricamerata,
681 343 902 399 superiora
942 361 964 385 a
1007 346 1106 386 loco
1149 345 1243 387 ostii
1282 348 1492 402 appellata

87 422 188 462 sint:
216 433 262 462 ut
288 421 388 461 inde
415 420 595 471 ingressa
626 419 816 462 universa
848 421 1060 471 animalia,
1088 439 1166 478 per
1196 439 1270 464 sua
1301 438 1496 479 quaeque

87 499 197 547 loca,
223 498 454 539 secundum
485 497 602 551 quod
630 513 756 552 supra
788 497 988 548 diximus,
1020 514 1208 550 congrua
1239 488 1496 541 discretione

88 554 261 614 di1·emta
291 573 440 627 sint.¹)
493 573 651 613 Verum
667 571 714 628 ²)
745 573 837 616 ostii
867 574 996 631 ipsius
1024 575 1258 626 munimen,
1287 593 1379 617 non
1406 575 1495 632 jam

86 650 276 691 humanis
304 649 538 692 rationibus
568 650 834 706 adimpletur.
903 652 1142 706 Quomodo
1183 652 1294 693 enirn
1326 663 1493 708 postea-

86 743 212 781 quam
243 727 432 767 clausum
465 738 545 776 est,
585 738 624 768 et
661 728 802 770 nullus
830 727 1057 769 hominum
1088 741 1199 771 extra
1231 746 1373 770 arcam
1403 730 1494 778 suit,

81 801 326 844 bituminari
354 804 604 846 extrinsecus
636 804 788 846 ostium
811 806 966 859 potuit,
995 805 1076 847 nisi
1106 807 1203 862 quia
1226 807 1390 848 divinae
1415 805 1496 847 vir-

82 879 178 920 tutis
205 879 294 921 sine
324 880 456 922 dubio
489 898 598 936 opus
627 881 717 932 fuit,
745 898 800 923 ne
829 881 1120 934 ingrederetur
1158 899 1266 938 aqua
1296 898 1374 938 per
1403 880 1494 922 adi-

82 967 186 1006 tum,
216 973 343 1012 quem
371 958 559 1000 humana
581 976 670 1001 non
693 959 903 1001 munierat
926 959 1102 1001 manus?
1132 959 1366 1016 Propterea
1395 973 1494 1009 ergo

83 1033 304 1089 Scriptura
334 1051 432 1076 cum
463 1037 516 1076 de
545 1037 690 1079 ceteris
715 1037 913 1078 omnibus
944 1037 1132 1088 dixisset,
1173 1037 1270 1092 quia
1299 1036 1398 1077 fecit
1427 1051 1493 1075 ar-

85 1126 179 1150 cam
207 1110 315 1161 Noe,
346 1123 384 1152 et
401 1112 635 1155 introduxit
653 1114 864 1165 animalia,
885 1127 924 1156 et
945 1114 1068 1164 filim,
1100 1126 1139 1154 et
1152 1130 1304 1155 uxores
1332 1128 1497 1161 eorum,

85 1187 138 1226 de
169 1187 276 1228 ostio
305 1205 397 1230 non
429 1190 550 1239 dixit,
589 1191 686 1245 quia
725 1192 819 1233 Noe
859 1192 1005 1234 clausit
1045 1191 1197 1233 ostium
1239 1204 1380 1230 arcae:
1421 1188 1495 1228 sed

85 1262 152 1311 ait,
183 1264 282 1318 quia
310 1266 483 1314 „clausit
512 1268 727 1309 Dominus
758 1269 874 1311 Deus
905 1270 1061 1310 deforis
1092 1267 1247 1310 ostium
1278 1282 1416 1314 arcae,
1458 1275 1498 1304 et

85 1341 142 1379 sic
181 1341 341 1381 factum
388 1354 446 1383 est
490 1343 792 1399 diluvium.“³)
869 1345 1197 1387 Observandum
1245 1356 1386 1384 tamen
1425 1352 1497 1391 est,

88 1418 205 1471 quod
245 1430 344 1473 post
381 1418 585 1460 diluvium
624 1438 713 1461 non
753 1421 908 1463 dicitur
945 1425 1040 1465 Noe
1079 1421 1289 1477 aperuisse
1329 1419 1496 1467 ostium,

85 1495 157 1534 sed
187 1495 424 1547 fenestram,
455 1513 551 1538 cum
583 1498 718 1539 emisit
747 1515 934 1547 corvum,
964 1510 1010 1538 ut
1037 1498 1210 1547 videret,
1238 1509 1381 1537 utrum
1412 1512 1498 1536 ces-

86 1582 211 1611 sasset
240 1588 346 1626 aqua
384 1590 511 1629 super
547 1585 714 1615 terram.
787 1573 919 1628 Quod
957 1586 1098 1616 autem
1136 1573 1325 1615 intulerit
1354 1572 1498 1612 cibum

87 1647 180 1688 Noe
209 1648 251 1689 in
285 1665 424 1690 arcam
444 1651 640 1692 omnibus
660 1651 954 1700 animantibus,
984 1651 1048 1691 vel
1075 1650 1229 1699 bestiis,
1261 1666 1369 1705 quae
1401 1665 1498 1688 cum

87 1744 138 1769 eo
170 1727 436 1776 introierunt,
468 1727 569 1769 audi
598 1745 645 1768 ex
677 1728 751 1777 his,
785 1744 894 1783 quae
925 1726 1138 1768 Dominus
1170 1727 1270 1768 dicit
1299 1727 1352 1766 ad
1382 1726 1498 1765 Noe.

88 1805 230 1859 „tu,s⁵)
270 1804 427 1859 inquit,
467 1805 612 1861 accipe
650 1804 729 1846 tibi
766 1805 846 1860 ipsi
887 1806 939 1845 ab
982 1804 1182 1847 omnibus
1222 1804 1343 1853 escis,
1391 1818 1500 1858 quae

88 1883 284 1932 eduntur,
313 1894 353 1922 et
383 1881 657 1934 congregabis
687 1883 739 1922 ad
771 1894 896 1923 temet
926 1882 1087 1938 ipsum,
1131 1893 1171 1922 et
1199 1892 1322 1922 erunt
1351 1879 1429 1920 tibi
1458 1889 1499 1918 et

86 1960 184 2014 ipsis
216 1960 269 1999 ad
301 1960 553 1999 edendum.“
601 1959 735 2013 Quod
752 1971 890 1999 autem
913 1959 1010 2000 fecit
1030 1960 1124 1999 Noe
1150 1974 1210 2007 ea,
1239 1971 1348 2011 quae
1375 1971 1500 2010 prae—

89 2035 200 2091 cepit
230 2035 267 2076 ei
295 2034 535 2084 Dominus,
579 2036 678 2075 audi
719 2035 981 2090 Scripturam
1012 2036 1243 2077 dicentem:
1282 2043 1347 2081 „ct
1363 2031 1409 2085 ὅ)
1439 2031 1500 2071 fe-

91 2112 158 2162 cit,
186 2113 334 2167 inquit,
363 2113 457 2152 Noe
489 2111 647 2159 omnia,
679 2128 786 2167 quae
815 2112 1031 2167 praecepit
1061 2110 1099 2151 ei
1127 2108 1344 2151 Dominus
1373 2108 1504 2157 Deus,

90 2189 147 2230 sic
186 2187 322 2229 fecit.“
383 2188 495 2230 Sane
521 2190 639 2243 quod
671 2190 722 2229 de
752 2189 880 2238 locis,
922 2204 1029 2244 quae
1062 2186 1238 2228 diximus
1270 2187 1324 2226 ad
1352 2187 1502 2226 fimum

90 2265 337 2308 animalium
364 2276 576 2320 separata,
618 2264 835 2321 Scriptura
873 2265 980 2305 nihil
1018 2264 1180 2313 retulit,
1226 2264 1300 2305 sed
1332 2260 1500 2303 traditio

90 2354 223 2391 tenet,
255 2351 501 2402 opportune
531 2342 739 2384 videbitur
767 2358 895 2398 super
925 2341 1009 2382 hoc
1040 2340 1232 2382 habitum
1263 2355 1349 2381 esse
1376 2337 1501 2380 silen-

208 2467 251 2522 ¹)
283 2466 498 2509 Hactenus
526 2468 901 2518 Montefalconius‚
930 2469 1028 2523 (cfr.
1058 2482 1152 2523 pag.
1184 2467 1276 2508 102.
1308 2475 1395 2506 not·
1426 2462 1504 2518 2.),

94 2540 239 2575 graeca
269 2523 392 2579 hu1us
420 2525 507 2565 loci
537 2526 664 2566 verba
696 2525 876 2565 exhibet.

210 2591 255 2645 ²)
288 2591 450 2633 Graeca
485 2592 608 2648 hujus
641 2594 725 2634 loci
756 2595 896 2643 ve1ba‚
926 2595 1026 2649 (cfr
1058 2610 1150 2649 pag
1184 2594 1276 2636 [02-
1307 2601 1394 2632 not·
1425 2589 1504 2644 2),

98 2646 265 2688 Catenis
298 2648 598 2690 Mss.G1-aecis
632 2663 745 2691 eluta
778 2663 883 2691 sunt.
916 2650 964 2691 R.

213 2704 256 2756 ³)
290 2703 438 2745 Genes.
472 2706 656 2752 VIL‘lss.
689 2708 754 2748 17.

213 2773 256 2819 ’δ
289 2773 499 2815 Hattenus
530 2777 809 2827 fiagmentum
841 2778 1050 2832 primum,
1080 2774 1208 2815 textui
1237 2784 1383 2815 nostto
1414 2787 1503 2828 pag

98 2834 188 2874 100.
221 2847 333 2885 heqq
365 2830 578 2871 insa-,tum

213 2900 256 2954 )
290 2898 440 2942 Genes
472 2900 543 2949 VI,
574 2903 637 2946 21
785 2902 830 2958 ὃ>
865 2901 1016 2944 Genes.
1047 2899 1118 2950 VI,
1149 2901 1214 2944 222
