1764 3096
480 109 525 140 m
565 94 762 137 Gmnsm
792 91 993 134 HommA
1023 90 1051 130 1.
1393 94 1473 136 129

66 223 106 253 et
151 211 290 252 deficit
332 207 470 251 anima
516 217 659 248 nostra
689 206 742 246 ad
771 203 915 245 Deum
952 201 1114 250 vivum,
1166 210 1311 242 noster
1356 203 1473 245 cibus

65 301 125 330 est
163 284 511 342 concupiscentia.
580 282 689 323 Cum
728 292 868 322 autem
914 280 980 321 vel
1015 276 1196 319 alienam
1248 279 1471 320 mulierem

66 366 119 406 ad
168 360 552 417 concupiscendum
597 357 808 407 videmus,
865 358 928 398 vel
968 355 1128 411 aliquid
1179 370 1320 395 rerum
1371 373 1474 410 pro-

64 440 163 481 ximi
213 437 570 492 concupiscimus,
644 433 828 475 bestialis
868 433 987 475 cibus
1036 432 1217 473 efficitur
1268 432 1475 487 concupi-

63 515 231 558 scentia.
334 513 451 555 Sicut
515 511 708 567 exemplo
768 521 908 565 potest
971 525 1057 552 esse
1130 509 1473 565 concupiscentia

62 591 235 639 Achab,
264 587 307 643 ¹)
356 601 394 630 et
431 590 585 629 factum
624 586 853 641 jezabe12)
898 588 951 628 de
989 586 1109 628 vinea
1144 585 1360 627 Nabuthei
1399 587 1472 626 Je-

62 666 266 707 zraclitae.
335 665 610 707 Observanda
639 680 740 706 sane
779 674 838 704 est
865 675 1033 705 sanctae
1075 667 1309 724 scripturae
1346 669 1472 710 etiam

59 742 104 784 in
150 743 378 783 verborum
425 740 591 782 ratione
638 741 821 790 cautela,
865 756 994 795 quae,
1041 759 1137 785 cum
1186 746 1240 786 de
1283 745 1471 787 homini-

59 820 137 861 bus
164 819 348 869 dixisset,
389 815 487 873 quia
528 816 628 858 dixit
657 817 796 858 Deus:
835 817 1019 872 „ecce³)
1060 819 1159 860 dedi
1195 820 1314 863 vobis
1345 838 1474 862 omne

59 912 201 937 semen
231 896 445 944 seminale,
475 895 593 950 quod
625 905 683 936 est
710 910 838 950 super
867 906 1035 946 terram,
1071 908 1109 937 et
1141 914 1269 939 omne
1298 898 1473 950 lignum,

60 974 179 1028 quod
210 985 270 1014 est
296 988 423 1028 super
451 984 632 1019 terram,
660 971 779 1013 vobis
811 970 888 1012 erit
916 973 970 1013 ad
1011 980 1201 1016 escam:“
1242 976 1296 1016 de
1333 975 1474 1017 bestiis

58 1066 148 1090 non
179 1049 297 1092 dixit:
338 1049 435 1104 quia
467 1047 566 1090 dedi
605 1047 653 1089 iis
693 1048 747 1088 ad
763 1047 807 1103 4)
849 1064 986 1091 escam
1024 1050 1128 1092 haec
1174 1052 1337 1093 omnia:
1374 1053 1471 1093 sed:

58 1126 221 1181 ‚‚erit⁵)
250 1126 329 1168 illis
353 1127 407 1167 ad
425 1142 559 1167 escam
574 1130 610 1166 :“
641 1137 687 1166 ut
706 1127 941 1167 secundum
965 1127 1227 1183 spiritualem
1249 1130 1472 1180 rationem,

60 1219 186 1258 quam
216 1203 498 1258 exposuimus,
528 1203 702 1243 affectus
732 1201 799 1242 isti
817 1203 1103 1257 intelligantur
1117 1205 1282 1248 homini
1300 1207 1471 1262 quidem

59 1297 83 1322 a
112 1280 209 1321 Deo
232 1276 326 1320 'dati
357 1295 456 1329 esse,
484 1278 777 1334 praenuntiari
806 1290 948 1320 tamen
979 1298 1002 1323 a
1032 1281 1153 1332 Deo,
1195 1284 1313 1338 quod
1352 1295 1475 1325 erunt

60 1356 183 1397 etiam
213 1355 354 1398 bestiis
384 1367 519 1397 terrae
549 1356 593 1396 in
625 1355 779 1398 cibum.
846 1355 950 1398 Ideo
992 1372 1091 1409 ergo
1133 1359 1370 1401 cautissimo
1402 1377 1476 1402 usa

59 1446 119 1475 est
146 1449 343 1475 sermone
370 1433 573 1488 scriptura
608 1432 770 1482 divina,
801 1449 908 1488 quae
938 1433 1184 1476 hominibus
1217 1436 1387 1490 quidem
1418 1437 1476 1478 ait

58 1509 199 1551 dicere
227 1510 392 1550 Deumt
422 1508 609 1564 „dedi⁶)
640 1510 758 1551 vobis
786 1509 891 1550 haec
920 1510 975 1550 ad
1006 1515 1190 1552 escam:“
1229 1511 1304 1551 ubi
1335 1523 1474 1554 autem

59 1588 114 1628 ad
143 1585 294 1627 bestias
323 1585 456 1634 venit,
498 1601 589 1625 non
620 1583 825 1641 jubentis,
864 1586 938 1628 sed
980 1584 1095 1641 quasi
1130 1585 1473 1641 praedicentis7)

57 1661 360 1714 significatione
391 1660 503 1711 dicit,
535 1661 632 1716 quia
663 1662 765 1702 haec
798 1674 921 1704 erunt
951 1662 1073 1704 etiam
1103 1661 1244 1705 bestiis
1284 1676 1324 1704 et
1353 1664 1472 1704 volu-

59 1738 197 1780 cribus
227 1749 267 1780 et
293 1737 559 1794 serpentibus
590 1738 645 1779 ad
676 1754 826 1780 escam.
872 1739 960 1781 Sed
989 1756 1068 1781 nos
1097 1740 1332 1781 secundum
1354 1741 1473 1796 Apo-

57 1816 153 1858 stoli
182 1815 305 1857 Pauli
333 1814 580 1856 sententiam
612 1816 930 1872 attendamusss)
960 1816 1147 1867 lectioni,
1178 1829 1224 1858 ut
1253 1817 1474 1874 possimus,

28 1944 34 1952 ι
59 1892 164 1934 sicut
191 1891 281 1948 ipse
311 1892 388 1942 ait,
426 1908 594 1933 sensum
637 1891 793 1934 Christi
823 1893 1034 1948 accipere,
1071 1904 1111 1934 et
1139 1893 1246 1936 scire
1276 1909 1412 1948 „quae
1428 1894 1473 1948 9)

60 1985 83 2009 a
113 1969 210 2010 Deo
243 1970 401 2010 donata
429 1981 526 2009 sunt
554 1968 731 2010 nobis:“
763 1981 802 2010 et
833 1985 939 2025 quae
968 1968 1094 2011 nobis
1125 1969 1180 2011 ad
1211 1984 1346 2011 escam
1377 1971 1475 2010 data

58 2057 166 2096 sunt,
196 2062 286 2086 non
314 2045 516 2086 faciamus
548 2062 657 2087 escas
687 2063 944 2102 porcorum,
973 2046 1037 2086 vel
1069 2061 1243 2096 canum,
1272 2046 1345 2087 sed
1375 2046 1476 2088 tales

61 2138 128 2163 eas
157 2138 457 2178 praeparemus
495 2122 539 2163 in
577 2123 724 2173 nobis,
765 2123 917 2178 quibus
956 2123 1129 2174 dignum
1169 2122 1218 2164 sit
1247 2122 1401 2178 suscipi
1430 2123 1474 2164 in

61 2198 245 2254 hospitio
287 2198 426 2241 cordis
456 2199 588 2242 nostri
627 2200 803 2241 verbum
849 2215 896 2240 ac
946 2198 1080 2241 filium
1117 2199 1200 2240 Dei
1238 2199 1474 2243 venientem

176 2400 221 2456 ¹)
253 2401 340 2443 Cfr.
374 2402 391 2442 I
422 2402 546 2454 Regg.
579 2403 696 2445 XXI.
728 2403 811 2459 <Ill
842 2402 994 2458 Regg.)

173 2469 220 2525 2)
250 2470 358 2513 Edd.
388 2471 582 2514 Merlini:
614 2474 774 2514 Iesabel
799 2473 851 2513 de
876 2472 994 2514 vinca
1011 2470 1226 2514 Nabuthei
1247 2470 1470 2513 Israelitae.

175 2540 221 2594 ³)
253 2540 403 2584 Genes.
432 2543 464 2593 I,
493 2544 559 2586 29.
679 2543 723 2598 ⁴)
755 2543 885 2584 Deest
914 2544 1024 2592 „ad“
1054 2543 1098 2584 in
1130 2543 1226 2585 edd.
1256 2542 1316 2583 Μ.

177 2608 223 2664 ⁵)
255 2609 342 2651 Cfr.
374 2611 524 2654 Genes.
554 2613 581 2663 l,
610 2612 676 2655 30.
797 2612 843 2667 ⁶)
874 2610 1024 2654 Genes.
1057 2612 1089 2664 I,
1118 2612 1186 2654 29.

175 2678 219 2733 ⁷)
249 2679 358 2722 Edd.
388 2680 582 2723 Merlini:
610 2682 903 2738 praedicantis.
936 2707 988 2714 ·—
1021 2681 1109 2723 Cfr.
1142 2680 1293 2724 Genes·
1324 2680 1355 2731 I,
1383 2681 1449 2724 30.

175 2748 222 2803 8)
256 2748 342 2790 Csr.
373 2749 391 2788 l
422 2750 611 2792 Timoth.
641 2753 714 2803 IV,
744 2753 811 2796 13.

175 2818 221 2873 9)
254 2820 273 2859 Ι
305 2818 403 2860 Cor.
434 2818 486 2869 II,
523 2821 588 2861 12.

11 2895 13 2922 ³
64 2893 282 2940 OmGEms
313 2894 481 2937 OPERA.
514 2896 631 2939 ΤοΜ.
664 2897 772 2939 VIII.
1116 2897 1143 2939 9
