<?xml version="1.0" encoding="UTF-8"?>
<!DOCTYPE html PUBLIC "-//W3C//DTD XHTML 1.0 Transitional//EN"
    "http://www.w3.org/TR/xhtml1/DTD/xhtml1-transitional.dtd">
<html xmlns="http://www.w3.org/1999/xhtml" xml:lang="en" lang="en">
 <head>
  <title>
</title>
<meta http-equiv="Content-Type" content="text/html;charset=utf-8" />
  <meta name='ocr-system' content='tesseract 3.04.00' />
  <meta name='ocr-capabilities' content='ocr_page ocr_carea ocr_par ocr_line ocrx_word'/>
</head>
<body>
  <div class='ocr_page' id='page_1' title='image "./operaomniaquaegr08orig_0301.png"; bbox 0 0 1764 3096; ppageno 0'>
   <div class='ocr_carea' id='block_1_1' title="bbox 414 72 1517 132">
    <p class='ocr_par' dir='ltr' id='par_1_1' title="bbox 414 54 1517 132">
     <span class='ocr_line' id='line_1_1' title="bbox 414 72 1517 132; baseline 0.004 -4"><span class='ocrx_word' id='word_1_1' title='bbox 414 72 417 75; x_wconf 43' lang='grc'><strong>”</strong></span> <span class='ocrx_word' id='word_1_2' title='bbox 464 98 512 128; x_wconf 78' lang='lat' dir='ltr'><strong>m</strong></span> <span class='ocrx_word' id='word_1_3' title='bbox 545 84 746 129; x_wconf 71' lang='lat' dir='ltr'><strong>GENEsm</strong></span> <span class='ocrx_word' id='word_1_4' title='bbox 775 82 976 127; x_wconf 76' lang='lat' dir='ltr'><strong>HOMmA</strong></span> <span class='ocrx_word' id='word_1_5' title='bbox 1008 82 1146 126; x_wconf 85' lang='lat' dir='ltr'><strong>XVII.</strong></span> <span class='ocrx_word' id='word_1_6' title='bbox 1431 87 1517 132; x_wconf 84' lang='lat'><strong>289</strong></span> 
     </span>
    </p>
   </div>
   <div class='ocr_carea' id='block_1_2' title="bbox 86 195 1520 1859">
    <p class='ocr_par' dir='ltr' id='par_1_2' title="bbox 86 195 1520 1859">
     <span class='ocr_line' id='line_1_2' title="bbox 92 195 1520 255; baseline 0 -13"><span class='ocrx_word' id='word_1_7' title='bbox 92 200 253 242; x_wconf 83' lang='lat' dir='ltr'><strong>catulus</strong></span> <span class='ocrx_word' id='word_1_8' title='bbox 271 197 418 248; x_wconf 87' lang='lat' dir='ltr'><strong>leonis,</strong></span> <span class='ocrx_word' id='word_1_9' title='bbox 433 197 489 239; x_wconf 89' lang='lat' dir='ltr'><strong>ita</strong></span> <span class='ocrx_word' id='word_1_10' title='bbox 510 210 553 240; x_wconf 95' lang='lat' dir='ltr'><strong>ut</strong></span> <span class='ocrx_word' id='word_1_11' title='bbox 574 209 815 255; x_wconf 85' lang='lat' dir='ltr'><strong>quaeratur,</strong></span> <span class='ocrx_word' id='word_1_12' title='bbox 836 197 927 254; x_wconf 88' lang='lat' dir='ltr'><strong>quis</strong></span> <span class='ocrx_word' id='word_1_13' title='bbox 948 214 1044 239; x_wconf 89' lang='lat' dir='ltr'><strong>eum</strong></span> <span class='ocrx_word' id='word_1_14' title='bbox 1068 195 1267 240; x_wconf 87' lang='lat' dir='ltr'><strong>suscitet?</strong></span> <span class='ocrx_word' id='word_1_15' title='bbox 1299 198 1388 242; x_wconf 87' lang='lat' dir='ltr'><strong>Nisi</strong></span> <span class='ocrx_word' id='word_1_16' title='bbox 1408 201 1520 242; x_wconf 82' lang='lat' dir='ltr'><strong>sorte</strong></span> 
     </span>
     <span class='ocr_line' id='line_1_3' title="bbox 93 274 1515 332; baseline 0.001 -15"><span class='ocrx_word' id='word_1_17' title='bbox 93 275 242 332; x_wconf 83' lang='lat' dir='ltr'><strong>aliquis</strong></span> <span class='ocrx_word' id='word_1_18' title='bbox 272 275 354 315; x_wconf 78' lang='lat' dir='ltr'><strong>vim</strong></span> <span class='ocrx_word' id='word_1_19' title='bbox 383 275 541 317; x_wconf 86' lang='lat' dir='ltr'><strong>faciens</strong></span> <span class='ocrx_word' id='word_1_20' title='bbox 572 275 670 317; x_wconf 81' lang='lat' dir='ltr'><strong>velit</strong></span> <span class='ocrx_word' id='word_1_21' title='bbox 697 274 755 315; x_wconf 87' lang='lat' dir='ltr'><strong>ita</strong></span> <span class='ocrx_word' id='word_1_22' title='bbox 787 290 1034 324; x_wconf 85' lang='lat' dir='ltr'><strong>asseverare,</strong></span> <span class='ocrx_word' id='word_1_23' title='bbox 1064 290 1110 315; x_wconf 84' lang='lat' dir='ltr'><strong>cx</strong></span> <span class='ocrx_word' id='word_1_24' title='bbox 1132 274 1320 327; x_wconf 80' lang='lat' dir='ltr'><strong>germine</strong></span> <span class='ocrx_word' id='word_1_25' title='bbox 1339 292 1515 332; x_wconf 87' lang='lat' dir='ltr'><strong>proees-</strong></span> 
     </span>
     <span class='ocr_line' id='line_1_4' title="bbox 91 349 1516 407; baseline 0.001 -13"><span class='ocrx_word' id='word_1_26' title='bbox 91 352 188 394; x_wconf 83' lang='lat' dir='ltr'><strong>sisse</strong></span> <span class='ocrx_word' id='word_1_27' title='bbox 217 352 390 401; x_wconf 81' lang='lat' dir='ltr'><strong>Judam,</strong></span> <span class='ocrx_word' id='word_1_28' title='bbox 420 350 466 393; x_wconf 89' lang='lat' dir='ltr'><strong>id</strong></span> <span class='ocrx_word' id='word_1_29' title='bbox 485 364 555 404; x_wconf 87' lang='lat' dir='ltr'><strong>est,</strong></span> <span class='ocrx_word' id='word_1_30' title='bbox 582 363 629 393; x_wconf 88' lang='lat' dir='ltr'><strong>ut</strong></span> <span class='ocrx_word' id='word_1_31' title='bbox 643 350 834 407; x_wconf 87' lang='lat' dir='ltr'><strong>superius</strong></span> <span class='ocrx_word' id='word_1_32' title='bbox 858 349 1051 401; x_wconf 77' lang='lat' dir='ltr'><strong>diximus,</strong></span> <span class='ocrx_word' id='word_1_33' title='bbox 1080 352 1144 393; x_wconf 87' lang='lat' dir='ltr'><strong>vel</strong></span> <span class='ocrx_word' id='word_1_34' title='bbox 1162 368 1210 392; x_wconf 84' lang='lat' dir='ltr'><strong>ex</strong></span> <span class='ocrx_word' id='word_1_35' title='bbox 1231 351 1428 405; x_wconf 88' lang='lat' dir='ltr'><strong>virgulto,</strong></span> <span class='ocrx_word' id='word_1_36' title='bbox 1449 354 1516 395; x_wconf 82' lang='lat' dir='ltr'><strong>vel</strong></span> 
     </span>
     <span class='ocr_line' id='line_1_5' title="bbox 93 425 1515 483; baseline 0.001 -14"><span class='ocrx_word' id='word_1_37' title='bbox 93 445 140 469; x_wconf 84' lang='lat' dir='ltr'><strong>ex</strong></span> <span class='ocrx_word' id='word_1_38' title='bbox 162 444 304 469; x_wconf 87' lang='lat' dir='ltr'><strong>ramo:</strong></span> <span class='ocrx_word' id='word_1_39' title='bbox 337 429 453 483; x_wconf 85' lang='lat' dir='ltr'><strong>quod</strong></span> <span class='ocrx_word' id='word_1_40' title='bbox 477 428 530 468; x_wconf 87' lang='lat' dir='ltr'><strong>de</strong></span> <span class='ocrx_word' id='word_1_41' title='bbox 549 427 638 482; x_wconf 86' lang='lat' dir='ltr'><strong>ipsa</strong></span> <span class='ocrx_word' id='word_1_42' title='bbox 656 425 784 483; x_wconf 81' lang='lat' dir='ltr'><strong>patris</strong></span> <span class='ocrx_word' id='word_1_43' title='bbox 799 426 1052 468; x_wconf 85' lang='lat' dir='ltr'><strong>fortitudine</strong></span> <span class='ocrx_word' id='word_1_44' title='bbox 1072 440 1111 469; x_wconf 88' lang='lat' dir='ltr'><strong>et</strong></span> <span class='ocrx_word' id='word_1_45' title='bbox 1129 427 1279 470; x_wconf 86' lang='lat' dir='ltr'><strong>virtute</strong></span> <span class='ocrx_word' id='word_1_46' title='bbox 1297 429 1515 482; x_wconf 81' lang='lat' dir='ltr'><strong>significet,</strong></span> 
     </span>
     <span class='ocr_line' id='line_1_6' title="bbox 91 503 1519 561; baseline 0 -14"><span class='ocrx_word' id='word_1_47' title='bbox 91 506 165 561; x_wconf 88' lang='lat' dir='ltr'><strong>qui</strong></span> <span class='ocrx_word' id='word_1_48' title='bbox 187 504 347 546; x_wconf 85' lang='lat' dir='ltr'><strong>virtutis</strong></span> <span class='ocrx_word' id='word_1_49' title='bbox 378 503 636 545; x_wconf 87' lang='lat' dir='ltr'><strong>confidentia</strong></span> <span class='ocrx_word' id='word_1_50' title='bbox 663 504 849 556; x_wconf 82' lang='lat' dir='ltr'><strong>recubet,</strong></span> <span class='ocrx_word' id='word_1_51' title='bbox 878 515 917 545; x_wconf 88' lang='lat' dir='ltr'><strong>et</strong></span> <span class='ocrx_word' id='word_1_52' title='bbox 941 504 1188 559; x_wconf 84' lang='lat' dir='ltr'><strong>requiescat,</strong></span> <span class='ocrx_word' id='word_1_53' title='bbox 1214 517 1260 547; x_wconf 89' lang='lat' dir='ltr'><strong>ut</strong></span> <span class='ocrx_word' id='word_1_54' title='bbox 1289 505 1374 555; x_wconf 90' lang='lat' dir='ltr'><strong>leo,</strong></span> <span class='ocrx_word' id='word_1_55' title='bbox 1404 517 1443 546; x_wconf 90' lang='lat' dir='ltr'><strong>et</strong></span> <span class='ocrx_word' id='word_1_56' title='bbox 1471 518 1519 547; x_wconf 91' lang='lat' dir='ltr'><strong>ut</strong></span> 
     </span>
     <span class='ocr_line' id='line_1_7' title="bbox 92 579 1518 635; baseline 0.002 -14"><span class='ocrx_word' id='word_1_57' title='bbox 92 581 254 623; x_wconf 79' lang='lat' dir='ltr'><strong>catulus</strong></span> <span class='ocrx_word' id='word_1_58' title='bbox 285 579 445 629; x_wconf 89' lang='lat' dir='ltr'><strong>leonis,</strong></span> <span class='ocrx_word' id='word_1_59' title='bbox 484 595 564 620; x_wconf 87' lang='lat' dir='ltr'><strong>nec</strong></span> <span class='ocrx_word' id='word_1_60' title='bbox 605 595 702 620; x_wconf 88' lang='lat' dir='ltr'><strong>eum</strong></span> <span class='ocrx_word' id='word_1_61' title='bbox 743 596 866 620; x_wconf 84' lang='lat' dir='ltr'><strong>ausus</strong></span> <span class='ocrx_word' id='word_1_62' title='bbox 908 579 1056 635; x_wconf 83' lang='lat' dir='ltr'><strong>aliquis</strong></span> <span class='ocrx_word' id='word_1_63' title='bbox 1094 581 1146 622; x_wconf 89' lang='lat' dir='ltr'><strong>sit</strong></span> <span class='ocrx_word' id='word_1_64' title='bbox 1174 582 1384 633; x_wconf 87' lang='lat' dir='ltr'><strong>suscitare,</strong></span> <span class='ocrx_word' id='word_1_65' title='bbox 1413 584 1518 624; x_wconf 90' lang='lat' dir='ltr'><strong>dum</strong></span> 
     </span>
     <span class='ocr_line' id='line_1_8' title="bbox 89 655 1519 713; baseline 0.001 -15"><span class='ocrx_word' id='word_1_66' title='bbox 89 674 170 713; x_wconf 88' lang='lat' dir='ltr'><strong>pro</strong></span> <span class='ocrx_word' id='word_1_67' title='bbox 203 656 498 711; x_wconf 77' lang='lat' dir='ltr'><strong>magnitudine</strong></span> <span class='ocrx_word' id='word_1_68' title='bbox 536 655 687 697; x_wconf 81' lang='lat' dir='ltr'><strong>virium</strong></span> <span class='ocrx_word' id='word_1_69' title='bbox 728 667 766 696; x_wconf 90' lang='lat' dir='ltr'><strong>et</strong></span> <span class='ocrx_word' id='word_1_70' title='bbox 804 655 995 710; x_wconf 86' lang='lat' dir='ltr'><strong>potentia</strong></span> <span class='ocrx_word' id='word_1_71' title='bbox 1036 657 1292 699; x_wconf 68' lang='lat' dir='ltr'><strong>bellatorum</strong></span> <span class='ocrx_word' id='word_1_72' title='bbox 1320 660 1519 701; x_wconf 81' lang='lat' dir='ltr'><strong>suscitare</strong></span> 
     </span>
     <span class='ocr_line' id='line_1_9' title="bbox 92 732 1518 789; baseline 0.003 -15"><span class='ocrx_word' id='word_1_73' title='bbox 92 750 189 774; x_wconf 86' lang='lat' dir='ltr'><strong>eum</strong></span> <span class='ocrx_word' id='word_1_74' title='bbox 220 733 361 774; x_wconf 90' lang='lat' dir='ltr'><strong>nullus</strong></span> <span class='ocrx_word' id='word_1_75' title='bbox 392 732 545 773; x_wconf 83' lang='lat' dir='ltr'><strong>audeat</strong></span> <span class='ocrx_word' id='word_1_76' title='bbox 579 733 633 773; x_wconf 88' lang='lat' dir='ltr'><strong>ad</strong></span> <span class='ocrx_word' id='word_1_77' title='bbox 663 733 838 789; x_wconf 85' lang='lat' dir='ltr'><strong>proelia.</strong></span> <span class='ocrx_word' id='word_1_78' title='bbox 911 733 998 774; x_wconf 80' lang='lat' dir='ltr'><strong>Sed</strong></span> <span class='ocrx_word' id='word_1_79' title='bbox 1030 735 1166 776; x_wconf 89' lang='lat' dir='ltr'><strong>multo</strong></span> <span class='ocrx_word' id='word_1_80' title='bbox 1199 736 1518 779; x_wconf 83' lang='lat' dir='ltr'><strong>convenientius</strong></span> 
     </span>
     <span class='ocr_line' id='line_1_10' title="bbox 90 808 1517 867; baseline 0.002 -16"><span class='ocrx_word' id='word_1_81' title='bbox 90 810 304 865; x_wconf 86' lang='lat' dir='ltr'><strong>aptabitur</strong></span> <span class='ocrx_word' id='word_1_82' title='bbox 335 808 433 849; x_wconf 87' lang='lat' dir='ltr'><strong>huic</strong></span> <span class='ocrx_word' id='word_1_83' title='bbox 464 809 564 849; x_wconf 93' lang='lat' dir='ltr'><strong>loco</strong></span> <span class='ocrx_word' id='word_1_84' title='bbox 597 810 771 867; x_wconf 81' lang='lat' dir='ltr'><strong>mystica</strong></span> <span class='ocrx_word' id='word_1_85' title='bbox 802 808 1023 865; x_wconf 76' lang='lat' dir='ltr'><strong>expositio,</strong></span> <span class='ocrx_word' id='word_1_86' title='bbox 1054 810 1098 852; x_wconf 89' lang='lat' dir='ltr'><strong>in</strong></span> <span class='ocrx_word' id='word_1_87' title='bbox 1119 827 1201 867; x_wconf 89' lang='lat' dir='ltr'><strong>qua</strong></span> <span class='ocrx_word' id='word_1_88' title='bbox 1234 814 1394 854; x_wconf 87' lang='lat' dir='ltr'><strong>catulus</strong></span> <span class='ocrx_word' id='word_1_89' title='bbox 1425 813 1517 854; x_wconf 87' lang='lat' dir='ltr'><strong>leo-</strong></span> 
     </span>
     <span class='ocr_line' id='line_1_11' title="bbox 88 886 1519 948; baseline 0.002 -20"><span class='ocrx_word' id='word_1_90' title='bbox 88 887 152 929; x_wconf 85' lang='lat' dir='ltr'><strong>nis</strong></span> <span class='ocrx_word' id='word_1_91' title='bbox 185 886 374 928; x_wconf 87' lang='lat' dir='ltr'><strong>Christus</strong></span> <span class='ocrx_word' id='word_1_92' title='bbox 418 902 509 926; x_wconf 91' lang='lat' dir='ltr'><strong>non</strong></span> <span class='ocrx_word' id='word_1_93' title='bbox 539 887 681 927; x_wconf 92' lang='lat' dir='ltr'><strong>solum</strong></span> <span class='ocrx_word' id='word_1_94' title='bbox 720 887 898 942; x_wconf 85' lang='lat' dir='ltr'><strong>tropice,</strong></span> <span class='ocrx_word' id='word_1_95' title='bbox 920 886 961 942; x_wconf 87' lang='lat'><strong>¹)</strong></span> <span class='ocrx_word' id='word_1_96' title='bbox 1002 904 1148 929; x_wconf 88' lang='lat' dir='ltr'><strong>verum</strong></span> <span class='ocrx_word' id='word_1_97' title='bbox 1190 888 1313 930; x_wconf 85' lang='lat' dir='ltr'><strong>etiam</strong></span> <span class='ocrx_word' id='word_1_98' title='bbox 1344 889 1519 948; x_wconf 75' lang='lat' dir='ltr'><strong>physice</strong></span> 
     </span>
     <span class='ocr_line' id='line_1_12' title="bbox 90 962 1520 1020; baseline 0.003 -15"><span class='ocrx_word' id='word_1_99' title='bbox 90 964 350 1016; x_wconf 81' lang='lat' dir='ltr'><strong>designatur:</strong></span> <span class='ocrx_word' id='word_1_100' title='bbox 392 978 493 1003; x_wconf 91' lang='lat' dir='ltr'><strong>nam</strong></span> <span class='ocrx_word' id='word_1_101' title='bbox 533 962 810 1020; x_wconf 71' lang='lat' dir='ltr'><strong>physi010gus</strong></span> <span class='ocrx_word' id='word_1_102' title='bbox 849 964 904 1005; x_wconf 87' lang='lat' dir='ltr'><strong>de</strong></span> <span class='ocrx_word' id='word_1_103' title='bbox 948 965 1087 1006; x_wconf 87' lang='lat' dir='ltr'><strong>catulo</strong></span> <span class='ocrx_word' id='word_1_104' title='bbox 1118 965 1252 1008; x_wconf 89' lang='lat' dir='ltr'><strong>leonis</strong></span> <span class='ocrx_word' id='word_1_105' title='bbox 1284 966 1389 1007; x_wconf 86' lang='lat' dir='ltr'><strong>haec</strong></span> <span class='ocrx_word' id='word_1_106' title='bbox 1416 967 1520 1009; x_wconf 87' lang='lat' dir='ltr'><strong>scri-</strong></span> 
     </span>
     <span class='ocr_line' id='line_1_13' title="bbox 87 1039 1519 1096; baseline 0.003 -16"><span class='ocrx_word' id='word_1_107' title='bbox 87 1039 162 1090; x_wconf 87' lang='lat' dir='ltr'><strong>bit,</strong></span> <span class='ocrx_word' id='word_1_108' title='bbox 194 1040 325 1096; x_wconf 88' lang='lat' dir='ltr'><strong>quod,</strong></span> <span class='ocrx_word' id='word_1_109' title='bbox 356 1055 452 1080; x_wconf 88' lang='lat' dir='ltr'><strong>cum</strong></span> <span class='ocrx_word' id='word_1_110' title='bbox 479 1039 606 1080; x_wconf 86' lang='lat' dir='ltr'><strong>fuerit</strong></span> <span class='ocrx_word' id='word_1_111' title='bbox 634 1051 769 1090; x_wconf 85' lang='lat' dir='ltr'><strong>natus,</strong></span> <span class='ocrx_word' id='word_1_112' title='bbox 799 1041 934 1082; x_wconf 83' lang='lat' dir='ltr'><strong>tribus</strong></span> <span class='ocrx_word' id='word_1_113' title='bbox 967 1040 1116 1082; x_wconf 83' lang='lat' dir='ltr'><strong>diebus</strong></span> <span class='ocrx_word' id='word_1_114' title='bbox 1147 1054 1186 1082; x_wconf 82' lang='lat' dir='ltr'><strong>et</strong></span> <span class='ocrx_word' id='word_1_115' title='bbox 1214 1043 1348 1085; x_wconf 78' lang='lat' dir='ltr'><strong>tribus</strong></span> <span class='ocrx_word' id='word_1_116' title='bbox 1378 1043 1519 1085; x_wconf 80' lang='lat' dir='ltr'><strong>nocti-</strong></span> 
     </span>
     <span class='ocr_line' id='line_1_14' title="bbox 87 1116 1516 1174; baseline 0.002 -16"><span class='ocrx_word' id='word_1_117' title='bbox 87 1119 165 1159; x_wconf 87' lang='lat' dir='ltr'><strong>bus</strong></span> <span class='ocrx_word' id='word_1_118' title='bbox 196 1116 394 1166; x_wconf 86' lang='lat' dir='ltr'><strong>dormiat,</strong></span> <span class='ocrx_word' id='word_1_119' title='bbox 425 1129 516 1157; x_wconf 88' lang='lat' dir='ltr'><strong>tum</strong></span> <span class='ocrx_word' id='word_1_120' title='bbox 549 1116 706 1157; x_wconf 86' lang='lat' dir='ltr'><strong>deinde</strong></span> <span class='ocrx_word' id='word_1_121' title='bbox 740 1117 869 1171; x_wconf 84' lang='lat' dir='ltr'><strong>patris</strong></span> <span class='ocrx_word' id='word_1_122' title='bbox 886 1118 930 1174; x_wconf 78' lang='lat'><strong>²)</strong></span> <span class='ocrx_word' id='word_1_123' title='bbox 961 1119 1131 1160; x_wconf 84' lang='lat' dir='ltr'><strong>fremitu</strong></span> <span class='ocrx_word' id='word_1_124' title='bbox 1161 1120 1225 1159; x_wconf 88' lang='lat' dir='ltr'><strong>vel</strong></span> <span class='ocrx_word' id='word_1_125' title='bbox 1255 1119 1393 1172; x_wconf 86' lang='lat' dir='ltr'><strong>rugitu</strong></span> <span class='ocrx_word' id='word_1_126' title='bbox 1422 1131 1516 1161; x_wconf 89' lang='lat' dir='ltr'><strong>tan-</strong></span> 
     </span>
     <span class='ocr_line' id='line_1_15' title="bbox 89 1191 1518 1250; baseline 0.003 -15"><span class='ocrx_word' id='word_1_127' title='bbox 89 1211 218 1250; x_wconf 84' lang='lat' dir='ltr'><strong>quam</strong></span> <span class='ocrx_word' id='word_1_128' title='bbox 250 1194 518 1234; x_wconf 84' lang='lat' dir='ltr'><strong>tremefactus</strong></span> <span class='ocrx_word' id='word_1_129' title='bbox 552 1191 699 1233; x_wconf 84' lang='lat' dir='ltr'><strong>cubilis</strong></span> <span class='ocrx_word' id='word_1_130' title='bbox 730 1194 862 1243; x_wconf 88' lang='lat' dir='ltr'><strong>locus,</strong></span> <span class='ocrx_word' id='word_1_131' title='bbox 892 1195 1060 1236; x_wconf 84' lang='lat' dir='ltr'><strong>suscitet</strong></span> <span class='ocrx_word' id='word_1_132' title='bbox 1080 1196 1266 1237; x_wconf 82' lang='lat' dir='ltr'><strong>catulum</strong></span> <span class='ocrx_word' id='word_1_133' title='bbox 1298 1197 1518 1239; x_wconf 52' lang='lat' dir='ltr'><strong>dormienu</strong></span> 
     </span>
     <span class='ocr_line' id='line_1_16' title="bbox 87 1269 1519 1326; baseline 0.003 -16"><span class='ocrx_word' id='word_1_134' title='bbox 87 1282 188 1311; x_wconf 86' lang='lat' dir='ltr'><strong>tem.</strong></span> <span class='ocrx_word' id='word_1_135' title='bbox 230 1269 310 1310; x_wconf 85' lang='lat' dir='ltr'><strong>Iste</strong></span> <span class='ocrx_word' id='word_1_136' title='bbox 341 1271 503 1311; x_wconf 85' lang='lat' dir='ltr'><strong>catulus</strong></span> <span class='ocrx_word' id='word_1_137' title='bbox 534 1286 632 1322; x_wconf 82' lang='lat' dir='ltr'><strong>ergo</strong></span> <span class='ocrx_word' id='word_1_138' title='bbox 664 1270 942 1326; x_wconf 82' lang='lat' dir='ltr'><strong>adscendit³&gt;</strong></span> <span class='ocrx_word' id='word_1_139' title='bbox 975 1288 1020 1312; x_wconf 80' lang='lat' dir='ltr'><strong>ex</strong></span> <span class='ocrx_word' id='word_1_140' title='bbox 1041 1272 1250 1323; x_wconf 82' lang='lat' dir='ltr'><strong>germine:</strong></span> <span class='ocrx_word' id='word_1_141' title='bbox 1282 1288 1329 1313; x_wconf 86' lang='lat' dir='ltr'><strong>ex</strong></span> <span class='ocrx_word' id='word_1_142' title='bbox 1358 1272 1519 1325; x_wconf 85' lang='lat' dir='ltr'><strong>virgine</strong></span> 
     </span>
     <span class='ocr_line' id='line_1_17' title="bbox 89 1346 1517 1405; baseline 0.002 -18"><span class='ocrx_word' id='word_1_143' title='bbox 89 1346 200 1387; x_wconf 86' lang='lat' dir='ltr'><strong>enim</strong></span> <span class='ocrx_word' id='word_1_144' title='bbox 232 1359 356 1388; x_wconf 82' lang='lat' dir='ltr'><strong>natus</strong></span> <span class='ocrx_word' id='word_1_145' title='bbox 389 1358 457 1388; x_wconf 88' lang='lat' dir='ltr'><strong>est.</strong></span> <span class='ocrx_word' id='word_1_146' title='bbox 528 1347 628 1387; x_wconf 79' lang='lat' dir='ltr'><strong>Non</strong></span> <span class='ocrx_word' id='word_1_147' title='bbox 661 1363 706 1388; x_wconf 79' lang='lat' dir='ltr'><strong>ex</strong></span> <span class='ocrx_word' id='word_1_148' title='bbox 737 1347 918 1398; x_wconf 88' lang='lat' dir='ltr'><strong>semine,</strong></span> <span class='ocrx_word' id='word_1_149' title='bbox 956 1350 1030 1389; x_wconf 86' lang='lat' dir='ltr'><strong>sed</strong></span> <span class='ocrx_word' id='word_1_150' title='bbox 1072 1364 1119 1389; x_wconf 86' lang='lat' dir='ltr'><strong>ex</strong></span> <span class='ocrx_word' id='word_1_151' title='bbox 1161 1348 1320 1400; x_wconf 79' lang='lat' dir='ltr'><strong>virgine</strong></span> <span class='ocrx_word' id='word_1_152' title='bbox 1359 1351 1517 1405; x_wconf 83' lang='lat' dir='ltr'><strong>absque</strong></span> 
     </span>
     <span class='ocr_line' id='line_1_18' title="bbox 91 1422 1517 1479; baseline 0.002 -14"><span class='ocrx_word' id='word_1_153' title='bbox 91 1422 325 1465; x_wconf 87' lang='lat' dir='ltr'><strong>concubitu</strong></span> <span class='ocrx_word' id='word_1_154' title='bbox 356 1423 456 1472; x_wconf 83' lang='lat' dir='ltr'><strong>viri,</strong></span> <span class='ocrx_word' id='word_1_155' title='bbox 496 1435 535 1464; x_wconf 87' lang='lat' dir='ltr'><strong>et</strong></span> <span class='ocrx_word' id='word_1_156' title='bbox 578 1424 738 1479; x_wconf 81' lang='lat' dir='ltr'><strong>absque</strong></span> <span class='ocrx_word' id='word_1_157' title='bbox 776 1426 937 1467; x_wconf 87' lang='lat' dir='ltr'><strong>semine</strong></span> <span class='ocrx_word' id='word_1_158' title='bbox 966 1427 1150 1469; x_wconf 82' lang='lat' dir='ltr'><strong>naturali</strong></span> <span class='ocrx_word' id='word_1_159' title='bbox 1178 1425 1362 1467; x_wconf 86' lang='lat' dir='ltr'><strong>nascitur</strong></span> <span class='ocrx_word' id='word_1_160' title='bbox 1394 1426 1517 1468; x_wconf 85' lang='lat' dir='ltr'><strong>Chri-</strong></span> 
     </span>
     <span class='ocr_line' id='line_1_19' title="bbox 87 1500 1519 1559; baseline 0.001 -16"><span class='ocrx_word' id='word_1_161' title='bbox 87 1514 184 1551; x_wconf 85' lang='lat' dir='ltr'><strong>stus,</strong></span> <span class='ocrx_word' id='word_1_162' title='bbox 214 1501 327 1541; x_wconf 86' lang='lat' dir='ltr'><strong>velut</strong></span> <span class='ocrx_word' id='word_1_163' title='bbox 356 1500 607 1551; x_wconf 83' lang='lat' dir='ltr'><strong>virgultum,</strong></span> <span class='ocrx_word' id='word_1_164' title='bbox 648 1500 731 1542; x_wconf 80' lang='lat' dir='ltr'><strong>sive</strong></span> <span class='ocrx_word' id='word_1_165' title='bbox 761 1520 914 1545; x_wconf 88' lang='lat' dir='ltr'><strong>ramus.</strong></span> <span class='ocrx_word' id='word_1_166' title='bbox 983 1504 1032 1545; x_wconf 91' lang='lat' dir='ltr'><strong>In</strong></span> <span class='ocrx_word' id='word_1_167' title='bbox 1064 1520 1148 1559; x_wconf 90' lang='lat' dir='ltr'><strong>quo</strong></span> <span class='ocrx_word' id='word_1_168' title='bbox 1181 1503 1519 1545; x_wconf 85' lang='lat' dir='ltr'><strong>manifestissime</strong></span> 
     </span>
     <span class='ocr_line' id='line_1_20' title="bbox 90 1577 1517 1634; baseline 0.001 -14"><span class='ocrx_word' id='word_1_169' title='bbox 90 1591 129 1620; x_wconf 84' lang='lat' dir='ltr'><strong>et</strong></span> <span class='ocrx_word' id='word_1_170' title='bbox 160 1577 310 1619; x_wconf 76' lang='lat' dir='ltr'><strong>veritas</strong></span> <span class='ocrx_word' id='word_1_171' title='bbox 344 1578 480 1619; x_wconf 87' lang='lat' dir='ltr'><strong>carnis</strong></span> <span class='ocrx_word' id='word_1_172' title='bbox 512 1590 718 1619; x_wconf 84' lang='lat' dir='ltr'><strong>assumtae</strong></span> <span class='ocrx_word' id='word_1_173' title='bbox 750 1596 796 1620; x_wconf 87' lang='lat' dir='ltr'><strong>ex</strong></span> <span class='ocrx_word' id='word_1_174' title='bbox 837 1579 997 1632; x_wconf 84' lang='lat' dir='ltr'><strong>virgine</strong></span> <span class='ocrx_word' id='word_1_175' title='bbox 1042 1581 1280 1622; x_wconf 82' lang='lat' dir='ltr'><strong>declaratur</strong></span> <span class='ocrx_word' id='word_1_176' title='bbox 1294 1579 1339 1634; x_wconf 78' lang='lat'><strong>4)</strong></span> <span class='ocrx_word' id='word_1_177' title='bbox 1376 1579 1421 1621; x_wconf 90' lang='lat' dir='ltr'><strong>in</strong></span> <span class='ocrx_word' id='word_1_178' title='bbox 1450 1598 1517 1622; x_wconf 88' lang='lat' dir='ltr'><strong>sa-</strong></span> 
     </span>
     <span class='ocr_line' id='line_1_21' title="bbox 89 1653 1518 1708; baseline 0.003 -13"><span class='ocrx_word' id='word_1_179' title='bbox 89 1665 310 1696; x_wconf 84' lang='lat' dir='ltr'><strong>crosancto</strong></span> <span class='ocrx_word' id='word_1_180' title='bbox 344 1653 554 1705; x_wconf 81' lang='lat' dir='ltr'><strong>germine,</strong></span> <span class='ocrx_word' id='word_1_181' title='bbox 595 1667 633 1696; x_wconf 91' lang='lat' dir='ltr'><strong>et</strong></span> <span class='ocrx_word' id='word_1_182' title='bbox 674 1672 696 1696; x_wconf 87' lang='lat' dir='ltr'><strong>a</strong></span> <span class='ocrx_word' id='word_1_183' title='bbox 728 1657 924 1708; x_wconf 84' lang='lat' dir='ltr'><strong>contagio</strong></span> <span class='ocrx_word' id='word_1_184' title='bbox 965 1656 1142 1697; x_wconf 87' lang='lat' dir='ltr'><strong>humani</strong></span> <span class='ocrx_word' id='word_1_185' title='bbox 1173 1667 1212 1697; x_wconf 92' lang='lat' dir='ltr'><strong>et</strong></span> <span class='ocrx_word' id='word_1_186' title='bbox 1245 1658 1422 1699; x_wconf 84' lang='lat' dir='ltr'><strong>carnalis</strong></span> <span class='ocrx_word' id='word_1_187' title='bbox 1451 1675 1518 1701; x_wconf 91' lang='lat' dir='ltr'><strong>se-</strong></span> 
     </span>
     <span class='ocr_line' id='line_1_22' title="bbox 86 1729 1511 1791; baseline 0.003 -18"><span class='ocrx_word' id='word_1_188' title='bbox 86 1731 210 1773; x_wconf 88' lang='lat' dir='ltr'><strong>minis</strong></span> <span class='ocrx_word' id='word_1_189' title='bbox 242 1729 534 1785; x_wconf 77' lang='lat' dir='ltr'><strong>excusatur‚⁵)</strong></span> <span class='ocrx_word' id='word_1_190' title='bbox 591 1731 952 1786; x_wconf 70' lang='lat' dir='ltr'><strong>„Recumbens⁶&gt;</strong></span> <span class='ocrx_word' id='word_1_191' title='bbox 993 1731 1187 1774; x_wconf 86' lang='lat' dir='ltr'><strong>dormisti</strong></span> <span class='ocrx_word' id='word_1_192' title='bbox 1215 1733 1386 1790; x_wconf 79' lang='lat' dir='ltr'><strong>sicut7)</strong></span> <span class='ocrx_word' id='word_1_193' title='bbox 1426 1735 1511 1791; x_wconf 86' lang='lat' dir='ltr'><strong>leo,</strong></span> 
     </span>
     <span class='ocr_line' id='line_1_23' title="bbox 88 1807 1516 1859; baseline 0.004 -10"><span class='ocrx_word' id='word_1_194' title='bbox 88 1820 126 1849; x_wconf 88' lang='lat' dir='ltr'><strong>et</strong></span> <span class='ocrx_word' id='word_1_195' title='bbox 163 1808 271 1849; x_wconf 90' lang='lat' dir='ltr'><strong>sicut</strong></span> <span class='ocrx_word' id='word_1_196' title='bbox 312 1808 474 1849; x_wconf 88' lang='lat' dir='ltr'><strong>catulus</strong></span> <span class='ocrx_word' id='word_1_197' title='bbox 516 1808 691 1849; x_wconf 84' lang='lat' dir='ltr'><strong>leonis.“</strong></span> <span class='ocrx_word' id='word_1_198' title='bbox 764 1807 1104 1850; x_wconf 82' lang='lat' dir='ltr'><strong>Manifestissime</strong></span> <span class='ocrx_word' id='word_1_199' title='bbox 1142 1811 1436 1859; x_wconf 85' lang='lat' dir='ltr'><strong>‚,recubuisse“</strong></span> <span class='ocrx_word' id='word_1_200' title='bbox 1476 1825 1516 1854; x_wconf 86' lang='lat' dir='ltr'><strong>et</strong></span> 
     </span>
    </p>
   </div>
   <div class='ocr_carea' id='block_1_3' title="bbox 91 1885 1514 1941">
    <p class='ocr_par' dir='ltr' id='par_1_3' title="bbox 91 1885 1514 1941">
     <span class='ocr_line' id='line_1_24' title="bbox 91 1885 1514 1941; baseline 0.002 -14"><span class='ocrx_word' id='word_1_201' title='bbox 91 1885 350 1936; x_wconf 82' lang='lat' dir='ltr'><strong>„dormisse“</strong></span> <span class='ocrx_word' id='word_1_202' title='bbox 393 1885 553 1926; x_wconf 76' lang='lat' dir='ltr'><strong>dictum</strong></span> <span class='ocrx_word' id='word_1_203' title='bbox 595 1886 647 1926; x_wconf 91' lang='lat' dir='ltr'><strong>de</strong></span> <span class='ocrx_word' id='word_1_204' title='bbox 688 1885 884 1941; x_wconf 84' lang='lat' dir='ltr'><strong>passione</strong></span> <span class='ocrx_word' id='word_1_205' title='bbox 921 1886 1068 1927; x_wconf 86' lang='lat' dir='ltr'><strong>mortis</strong></span> <span class='ocrx_word' id='word_1_206' title='bbox 1111 1886 1354 1929; x_wconf 78' lang='lat' dir='ltr'><strong>ostenditur.</strong></span> <span class='ocrx_word' id='word_1_207' title='bbox 1426 1889 1514 1930; x_wconf 86' lang='lat' dir='ltr'><strong>Sed</strong></span> 
     </span>
    </p>
   </div>
   <div class='ocr_carea' id='block_1_4' title="bbox 87 2063 1512 2180">
    <p class='ocr_par' dir='ltr' id='par_1_4' title="bbox 87 2063 1512 2180">
     <span class='ocr_line' id='line_1_25' title="bbox 208 2063 1512 2122; baseline 0.007 -19"><span class='ocrx_word' id='word_1_208' title='bbox 208 2065 250 2120; x_wconf 77' lang='grc'><strong>1)</strong></span> <span class='ocrx_word' id='word_1_209' title='bbox 286 2065 400 2106; x_wconf 85' lang='lat' dir='ltr'><strong>Alias</strong></span> <span class='ocrx_word' id='word_1_210' title='bbox 430 2063 489 2120; x_wconf 82' lang='lat' dir='ltr'><strong>(v.</strong></span> <span class='ocrx_word' id='word_1_211' title='bbox 523 2082 556 2105; x_wconf 89' lang='lat' dir='ltr'><strong>c.</strong></span> <span class='ocrx_word' id='word_1_212' title='bbox 587 2064 631 2106; x_wconf 89' lang='lat' dir='ltr'><strong>in</strong></span> <span class='ocrx_word' id='word_1_213' title='bbox 665 2065 759 2106; x_wconf 84' lang='lat' dir='ltr'><strong>edd.</strong></span> <span class='ocrx_word' id='word_1_214' title='bbox 791 2065 898 2122; x_wconf 82' lang='lat' dir='ltr'><strong>M.):</strong></span> <span class='ocrx_word' id='word_1_215' title='bbox 930 2069 1166 2122; x_wconf 86' lang='lat' dir='ltr'><strong>,‚tropicus,</strong></span> <span class='ocrx_word' id='word_1_216' title='bbox 1208 2085 1354 2111; x_wconf 88' lang='lat' dir='ltr'><strong>verum</strong></span> <span class='ocrx_word' id='word_1_217' title='bbox 1386 2069 1512 2112; x_wconf 88' lang='lat' dir='ltr'><strong>etiam</strong></span> 
     </span>
     <span class='ocr_line' id='line_1_26' title="bbox 87 2120 1263 2180; baseline 0.003 -18"><span class='ocrx_word' id='word_1_218' title='bbox 87 2121 313 2180; x_wconf 79' lang='lat' dir='ltr'><strong>physicus“</strong></span> <span class='ocrx_word' id='word_1_219' title='bbox 345 2132 420 2162; x_wconf 88' lang='lat' dir='ltr'><strong>etc.</strong></span> <span class='ocrx_word' id='word_1_220' title='bbox 480 2120 566 2162; x_wconf 87' lang='lat' dir='ltr'><strong>Sed</strong></span> <span class='ocrx_word' id='word_1_221' title='bbox 596 2121 694 2162; x_wconf 86' lang='lat' dir='ltr'><strong>Mss.</strong></span> <span class='ocrx_word' id='word_1_222' title='bbox 724 2133 772 2162; x_wconf 90' lang='lat' dir='ltr'><strong>ut</strong></span> <span class='ocrx_word' id='word_1_223' title='bbox 799 2121 844 2162; x_wconf 86' lang='lat' dir='ltr'><strong>in</strong></span> <span class='ocrx_word' id='word_1_224' title='bbox 875 2135 1023 2164; x_wconf 89' lang='lat' dir='ltr'><strong>nostro</strong></span> <span class='ocrx_word' id='word_1_225' title='bbox 1056 2135 1181 2165; x_wconf 84' lang='lat' dir='ltr'><strong>textu.</strong></span> <span class='ocrx_word' id='word_1_226' title='bbox 1212 2125 1263 2165; x_wconf 89' lang='lat' dir='ltr'><strong>R.</strong></span> 
     </span>
    </p>
   </div>
   <div class='ocr_carea' id='block_1_5' title="bbox 90 2189 1513 2302">
    <p class='ocr_par' dir='ltr' id='par_1_5' title="bbox 90 2189 1513 2302">
     <span class='ocr_line' id='line_1_27' title="bbox 205 2189 1513 2254; baseline 0.008 -25"><span class='ocrx_word' id='word_1_227' title='bbox 205 2189 250 2243; x_wconf 82' lang='grc'><strong>2)</strong></span> <span class='ocrx_word' id='word_1_228' title='bbox 287 2190 408 2233; x_wconf 84' lang='lat' dir='ltr'><strong>Mss.:</strong></span> <span class='ocrx_word' id='word_1_229' title='bbox 440 2190 594 2247; x_wconf 84' lang='lat' dir='ltr'><strong>„patris</strong></span> <span class='ocrx_word' id='word_1_230' title='bbox 633 2191 804 2232; x_wconf 87' lang='lat' dir='ltr'><strong>fremitu</strong></span> <span class='ocrx_word' id='word_1_231' title='bbox 834 2192 899 2232; x_wconf 75' lang='lat' dir='ltr'><strong>vel</strong></span> <span class='ocrx_word' id='word_1_232' title='bbox 928 2193 1095 2244; x_wconf 82' lang='lat' dir='ltr'><strong>rugitu“</strong></span> <span class='ocrx_word' id='word_1_233' title='bbox 1126 2206 1225 2245; x_wconf 88' lang='lat' dir='ltr'><strong>etc.,</strong></span> <span class='ocrx_word' id='word_1_234' title='bbox 1257 2197 1358 2238; x_wconf 84' lang='lat' dir='ltr'><strong>editi</strong></span> <span class='ocrx_word' id='word_1_235' title='bbox 1387 2199 1445 2254; x_wconf 79' lang='lat' dir='ltr'><strong>(e.</strong></span> <span class='ocrx_word' id='word_1_236' title='bbox 1477 2215 1513 2240; x_wconf 86' lang='lat' dir='ltr'><strong>c.</strong></span> 
     </span>
     <span class='ocr_line' id='line_1_28' title="bbox 90 2246 1204 2302; baseline 0.004 -14"><span class='ocrx_word' id='word_1_237' title='bbox 90 2248 185 2288; x_wconf 85' lang='lat' dir='ltr'><strong>edd.</strong></span> <span class='ocrx_word' id='word_1_238' title='bbox 217 2246 324 2301; x_wconf 79' lang='grc' dir='ltr'>Μ.);</span> <span class='ocrx_word' id='word_1_239' title='bbox 356 2248 512 2302; x_wconf 81' lang='lat' dir='ltr'><strong>„patris</strong></span> <span class='ocrx_word' id='word_1_240' title='bbox 544 2246 701 2298; x_wconf 81' lang='lat' dir='ltr'><strong>gemitu</strong></span> <span class='ocrx_word' id='word_1_241' title='bbox 731 2249 794 2289; x_wconf 88' lang='lat' dir='ltr'><strong>vel</strong></span> <span class='ocrx_word' id='word_1_242' title='bbox 825 2249 1014 2300; x_wconf 84' lang='lat' dir='ltr'><strong>mugitu“</strong></span> <span class='ocrx_word' id='word_1_243' title='bbox 1047 2260 1122 2291; x_wconf 90' lang='lat' dir='ltr'><strong>etc.</strong></span> <span class='ocrx_word' id='word_1_244' title='bbox 1154 2250 1204 2293; x_wconf 86' lang='lat' dir='ltr'><strong>R.</strong></span> 
     </span>
    </p>
   </div>
   <div class='ocr_carea' id='block_1_6' title="bbox 202 2316 856 2370">
    <p class='ocr_par' dir='ltr' id='par_1_6' title="bbox 202 2316 856 2370">
     <span class='ocr_line' id='line_1_29' title="bbox 202 2316 856 2370; baseline 0.003 -13"><span class='ocrx_word' id='word_1_245' title='bbox 202 2316 250 2370; x_wconf 85' lang='grc'><strong>3)</strong></span> <span class='ocrx_word' id='word_1_246' title='bbox 285 2316 402 2362; x_wconf 72' lang='lat' dir='ltr'><strong>Edd.</strong></span> <span class='ocrx_word' id='word_1_247' title='bbox 432 2317 627 2359; x_wconf 84' lang='lat' dir='ltr'><strong>Merlini:</strong></span> <span class='ocrx_word' id='word_1_248' title='bbox 660 2318 856 2359; x_wconf 87' lang='lat' dir='ltr'><strong>ostendit.</strong></span> 
     </span>
    </p>
   </div>
   <div class='ocr_carea' id='block_1_7' title="bbox 88 2387 1513 2498">
    <p class='ocr_par' dir='ltr' id='par_1_7' title="bbox 88 2387 1513 2498">
     <span class='ocr_line' id='line_1_30' title="bbox 204 2387 1513 2446; baseline 0.004 -17"><span class='ocrx_word' id='word_1_249' title='bbox 204 2389 250 2444; x_wconf 73' lang='lat'><strong>4)</strong></span> <span class='ocrx_word' id='word_1_250' title='bbox 282 2389 394 2429; x_wconf 89' lang='lat' dir='ltr'><strong>Edd.</strong></span> <span class='ocrx_word' id='word_1_251' title='bbox 425 2387 620 2428; x_wconf 82' lang='lat' dir='ltr'><strong>Merlini:</strong></span> <span class='ocrx_word' id='word_1_252' title='bbox 652 2387 902 2429; x_wconf 85' lang='lat' dir='ltr'><strong>declaratur.</strong></span> <span class='ocrx_word' id='word_1_253' title='bbox 950 2388 999 2429; x_wconf 82' lang='lat' dir='ltr'><strong>In</strong></span> <span class='ocrx_word' id='word_1_254' title='bbox 1024 2403 1293 2432; x_wconf 84' lang='lat' dir='ltr'><strong>sacrosancto</strong></span> <span class='ocrx_word' id='word_1_255' title='bbox 1326 2394 1513 2446; x_wconf 81' lang='lat' dir='ltr'><strong>germine</strong></span> 
     </span>
     <span class='ocr_line' id='line_1_31' title="bbox 88 2444 604 2498; baseline -0.01 -10"><span class='ocrx_word' id='word_1_256' title='bbox 88 2445 283 2498; x_wconf 79' lang='lat' dir='ltr'><strong>contagio</strong></span> <span class='ocrx_word' id='word_1_257' title='bbox 318 2444 494 2485; x_wconf 84' lang='lat' dir='ltr'><strong>humani</strong></span> <span class='ocrx_word' id='word_1_258' title='bbox 528 2455 604 2483; x_wconf 88' lang='lat' dir='ltr'><strong>etc.</strong></span> 
     </span>
    </p>
   </div>
   <div class='ocr_carea' id='block_1_8' title="bbox 204 2512 1513 2570">
    <p class='ocr_par' dir='ltr' id='par_1_8' title="bbox 204 2512 1513 2570">
     <span class='ocr_line' id='line_1_32' title="bbox 204 2512 1513 2570; baseline 0.006 -16"><span class='ocrx_word' id='word_1_259' title='bbox 204 2514 247 2568; x_wconf 83' lang='grc'><strong>5)</strong></span> <span class='ocrx_word' id='word_1_260' title='bbox 280 2513 351 2554; x_wconf 85' lang='lat' dir='ltr'><strong>Sic</strong></span> <span class='ocrx_word' id='word_1_261' title='bbox 380 2512 479 2554; x_wconf 85' lang='lat' dir='ltr'><strong>libri</strong></span> <span class='ocrx_word' id='word_1_262' title='bbox 512 2513 608 2554; x_wconf 87' lang='lat' dir='ltr'><strong>editi</strong></span> <span class='ocrx_word' id='word_1_263' title='bbox 641 2516 699 2567; x_wconf 83' lang='lat' dir='ltr'><strong>(e.</strong></span> <span class='ocrx_word' id='word_1_264' title='bbox 733 2530 766 2554; x_wconf 90' lang='lat' dir='ltr'><strong>c.</strong></span> <span class='ocrx_word' id='word_1_265' title='bbox 799 2515 894 2556; x_wconf 87' lang='lat' dir='ltr'><strong>edd.</strong></span> <span class='ocrx_word' id='word_1_266' title='bbox 926 2514 1035 2570; x_wconf 76' lang='lat' dir='ltr'><strong>M),</strong></span> <span class='ocrx_word' id='word_1_267' title='bbox 1083 2527 1122 2557; x_wconf 85' lang='lat' dir='ltr'><strong>et</strong></span> <span class='ocrx_word' id='word_1_268' title='bbox 1151 2517 1252 2559; x_wconf 77' lang='lat' dir='ltr'><strong>Mss,</strong></span> <span class='ocrx_word' id='word_1_269' title='bbox 1310 2517 1420 2560; x_wconf 82' lang='lat' dir='ltr'><strong>Mihi</strong></span> <span class='ocrx_word' id='word_1_270' title='bbox 1450 2532 1513 2562; x_wconf 82' lang='lat' dir='ltr'><strong>ta-</strong></span> 
     </span>
    </p>
   </div>
   <div class='ocr_carea' id='block_1_9' title="bbox 87 2571 1508 2682">
    <p class='ocr_par' dir='ltr' id='par_1_9' title="bbox 87 2571 1508 2682">
     <span class='ocr_line' id='line_1_33' title="bbox 87 2571 1508 2633; baseline -0.008 -22"><span class='ocrx_word' id='word_1_271' title='bbox 87 2587 187 2611; x_wconf 89' lang='lat' dir='ltr'><strong>men</strong></span> <span class='ocrx_word' id='word_1_272' title='bbox 227 2571 461 2611; x_wconf 81' lang='lat' dir='ltr'><strong>admodum</strong></span> <span class='ocrx_word' id='word_1_273' title='bbox 503 2582 694 2622; x_wconf 84' lang='lat' dir='ltr'><strong>suspecta</strong></span> <span class='ocrx_word' id='word_1_274' title='bbox 736 2581 796 2611; x_wconf 85' lang='lat' dir='ltr'><strong>est</strong></span> <span class='ocrx_word' id='word_1_275' title='bbox 833 2571 908 2613; x_wconf 80' lang='lat' dir='ltr'><strong>ista</strong></span> <span class='ocrx_word' id='word_1_276' title='bbox 949 2588 1049 2613; x_wconf 83' lang='lat' dir='ltr'><strong>vox:</strong></span> <span class='ocrx_word' id='word_1_277' title='bbox 1098 2581 1387 2626; x_wconf 48' lang='lat' dir='ltr'><strong>„excusaturfe</strong></span> <span class='ocrx_word' id='word_1_278' title='bbox 1427 2593 1508 2633; x_wconf 66' lang='lat' dir='ltr'><strong>pro</strong></span> 
     </span>
     <span class='ocr_line' id='line_1_34' title="bbox 89 2625 793 2682; baseline -0.003 -14"><span class='ocrx_word' id='word_1_279' title='bbox 89 2642 171 2682; x_wconf 84' lang='lat' dir='ltr'><strong>qua</strong></span> <span class='ocrx_word' id='word_1_280' title='bbox 201 2627 374 2667; x_wconf 85' lang='lat' dir='ltr'><strong>malim:</strong></span> <span class='ocrx_word' id='word_1_281' title='bbox 406 2625 713 2678; x_wconf 85' lang='lat' dir='ltr'><strong>„excluditur.“</strong></span> <span class='ocrx_word' id='word_1_282' title='bbox 745 2625 793 2666; x_wconf 83' lang='lat' dir='ltr'><strong>R.</strong></span> 
     </span>
    </p>
   </div>
   <div class='ocr_carea' id='block_1_10' title="bbox 205 2694 699 2748">
    <p class='ocr_par' dir='ltr' id='par_1_10' title="bbox 205 2694 699 2748">
     <span class='ocr_line' id='line_1_35' title="bbox 205 2694 699 2748; baseline 0.004 -12"><span class='ocrx_word' id='word_1_283' title='bbox 205 2694 252 2748; x_wconf 74' lang='grc'><strong>6)</strong></span> <span class='ocrx_word' id='word_1_284' title='bbox 287 2695 441 2737; x_wconf 86' lang='lat' dir='ltr'><strong>Genes.</strong></span> <span class='ocrx_word' id='word_1_285' title='bbox 471 2695 626 2745; x_wconf 79' lang='lat' dir='ltr'><strong>XLIX,</strong></span> <span class='ocrx_word' id='word_1_286' title='bbox 660 2695 699 2738; x_wconf 84' lang='lat'><strong>9.</strong></span> 
     </span>
    </p>
   </div>
   <div class='ocr_carea' id='block_1_11' title="bbox 89 2764 1512 2866">
    <p class='ocr_par' dir='ltr' id='par_1_11' title="bbox 89 2764 1512 2866">
     <span class='ocr_line' id='line_1_36' title="bbox 208 2764 1512 2819; baseline 0.007 -16"><span class='ocrx_word' id='word_1_287' title='bbox 208 2764 255 2819; x_wconf 88' lang='grc'><strong>7)</strong></span> <span class='ocrx_word' id='word_1_288' title='bbox 284 2764 394 2806; x_wconf 88' lang='lat' dir='ltr'><strong>Edd.</strong></span> <span class='ocrx_word' id='word_1_289' title='bbox 429 2765 625 2806; x_wconf 84' lang='lat' dir='ltr'><strong>Merlini:</strong></span> <span class='ocrx_word' id='word_1_290' title='bbox 665 2765 771 2807; x_wconf 85' lang='lat' dir='ltr'><strong>sicut</strong></span> <span class='ocrx_word' id='word_1_291' title='bbox 810 2768 877 2808; x_wconf 87' lang='lat' dir='ltr'><strong>leo</strong></span> <span class='ocrx_word' id='word_1_292' title='bbox 924 2779 963 2807; x_wconf 86' lang='lat' dir='ltr'><strong>ct</strong></span> <span class='ocrx_word' id='word_1_293' title='bbox 1007 2769 1167 2810; x_wconf 77' lang='lat' dir='ltr'><strong>catulus</strong></span> <span class='ocrx_word' id='word_1_294' title='bbox 1208 2770 1343 2812; x_wconf 84' lang='lat' dir='ltr'><strong>leonis</strong></span> <span class='ocrx_word' id='word_1_295' title='bbox 1374 2772 1512 2815; x_wconf 83' lang='lat' dir='ltr'><strong>mani-</strong></span> 
     </span>
     <span class='ocr_line' id='line_1_37' title="bbox 89 2821 1103 2866; baseline 0.002 -4"><span class='ocrx_word' id='word_1_296' title='bbox 89 2822 194 2862; x_wconf 82' lang='lat' dir='ltr'><strong>feste</strong></span> <span class='ocrx_word' id='word_1_297' title='bbox 225 2821 489 2864; x_wconf 86' lang='lat' dir='ltr'><strong>recubuisse:</strong></span> <span class='ocrx_word' id='word_1_298' title='bbox 522 2833 560 2861; x_wconf 89' lang='lat' dir='ltr'><strong>et</strong></span> <span class='ocrx_word' id='word_1_299' title='bbox 592 2822 796 2864; x_wconf 87' lang='lat' dir='ltr'><strong>dormisse</strong></span> <span class='ocrx_word' id='word_1_300' title='bbox 831 2823 991 2866; x_wconf 74' lang='lat' dir='ltr'><strong>dietum</strong></span> <span class='ocrx_word' id='word_1_301' title='bbox 1026 2835 1103 2865; x_wconf 87' lang='lat' dir='ltr'><strong>etc.</strong></span> 
     </span>
    </p>
   </div>
   <div class='ocr_carea' id='block_1_12' title="bbox 95 2896 1135 2945">
    <p class='ocr_par' dir='ltr' id='par_1_12' title="bbox 95 2896 1135 2945">
     <span class='ocr_line' id='line_1_38' title="bbox 95 2896 1135 2945; baseline 0.005 -5"><span class='ocrx_word' id='word_1_302' title='bbox 95 2896 322 2945; x_wconf 73' lang='lat' dir='ltr'>OMGENJS</span> <span class='ocrx_word' id='word_1_303' title='bbox 356 2897 526 2941; x_wconf 71' lang='lat' dir='ltr'><strong>OPERA.</strong></span> <span class='ocrx_word' id='word_1_304' title='bbox 561 2896 679 2940; x_wconf 80' lang='grc' dir='ltr'>ΤοΜ.</span> <span class='ocrx_word' id='word_1_305' title='bbox 710 2899 821 2942; x_wconf 83' lang='lat' dir='ltr'><strong>VIII.</strong></span> <span class='ocrx_word' id='word_1_306' title='bbox 1080 2902 1135 2945; x_wconf 88' lang='grc'><strong>19</strong></span> 
     </span>
    </p>
   </div>
  </div>
 </body>
</html>
