1764 3096
450 91 496 121 m
529 77 727 120 GENEsm
759 76 958 120 HommA
985 79 1099 120 VIII.
1394 84 1478 128 203

69 195 181 246 Deo,
209 211 299 236 non
328 190 575 245 agnosceris,
605 188 702 246 quia
731 189 876 231 timeas
905 191 1073 241 Deum,
1121 206 1202 231 nec
1232 191 1394 233 dicetur
1424 196 1477 236 de

69 283 132 314 te:
162 272 259 327 quia
287 284 400 310 nunc
431 266 624 319 cognovi,
656 265 754 322 quia
783 266 927 309 timeas
945 267 989 322 1)
1026 278 1071 308 tu
1100 267 1256 308 Deum.
1327 268 1385 309 Et
1413 282 1477 310 ta-

67 354 166 389 men
195 344 548 387 considerandum
589 355 670 393 est,
711 344 809 399 quia
849 345 1018 397 angelus
1058 344 1164 384 haec
1203 346 1384 386 refertur
1423 349 1477 388 ad

67 424 282 467 Abraham
314 421 492 471 locutus,
523 431 563 462 et
592 420 689 476 quia
719 421 763 462 in
791 419 1147 476 consequentibus
1165 421 1379 463 evidenter
1407 422 1476 463 hic

68 501 235 553 angelus
264 497 482 539 Dominus
514 497 758 540 ostenditur.
816 498 945 539 Unde
968 511 1086 555 puto,
1118 499 1249 554 quod,
1277 499 1383 540 sicut
1409 499 1478 540 in·-

66 589 127 618 ter
153 593 232 618 nos
262 575 456 617 homines
487 575 631 616 habitu
661 585 851 631 repertus
881 588 939 617 est
966 587 1011 616 ut
1036 577 1185 625 homo,
1212 575 1270 617 ita
1301 588 1341 617 et
1367 575 1478 617 inter

67 653 235 704 angelos
264 652 412 693 habitu
445 664 503 694 est
531 664 722 708 repertus
750 664 798 693 ut
829 653 1011 705 angelus.
1055 653 1111 693 Et
1139 653 1268 708 ipsius
1298 670 1478 709 sequen-

66 742 122 771 tes
153 729 391 784 exemplum
424 727 560 782 angeli
587 728 632 770 in
664 729 785 771 coelo
815 729 1024 770 laetantur
1039 728 1083 784 ²)
1112 745 1240 784 super
1257 747 1345 771 uno
1378 747 1478 786 pec-

64 817 207 847 catore
235 805 539 861 poenitentiam
574 818 743 859 agente,
791 818 829 848 et
867 807 921 847 de
950 804 1214 863 profectibus
1251 807 1478 850 hominum

63 883 311 935 gloriantur.
355 882 442 938 Ipsi
474 883 585 924 enim
617 885 730 925 velut
753 884 1101 939 procurationem
1131 882 1368 924 animarum
1398 901 1480 925 no-

64 971 244 1002 strarum
273 971 427 1009 tenent,
458 959 625 1014 quibus,
655 961 757 1002 dum
789 960 930 1003 adhuc
959 961 1125 1017 parvuli
1153 978 1321 1011 sumus,
1363 963 1479 1002 velut

58 1022 271 1078 tutoribus
287 1036 332 1093 3)
373 1047 412 1077 et
441 1037 656 1079 actoribus
694 1038 1005 1081 committimur
1032 1054 1165 1094 usque
1193 1038 1247 1078 ad
1277 1039 1478 1092 praefini-

64 1126 151 1155 tum
181 1125 347 1170 tempus
393 1130 416 1155 a
465 1125 596 1169 patre.
686 1115 741 1156 Et
784 1115 865 1171 ipsi
902 1132 1001 1168 ergo
1041 1132 1156 1155 nunc
1197 1115 1250 1155 de
1278 1117 1475 1169 profectu

61 1189 390 1248 uniuscujusque
419 1203 613 1232 nostrum
652 1192 818 1233 dicunt:
860 1192 958 1248 quia
994 1209 1111 1233 nune
1146 1192 1351 1244 cognovi,
1380 1192 1478 1249 quia

61 1280 106 1308 tu
136 1267 256 1309 times
285 1267 441 1309 Deum.
498 1268 632 1310 Verbi
664 1285 810 1320 causa,
848 1271 1118 1325 propositum
1149 1269 1288 1310 habeo
1319 1281 1478 1328 marty-

64 1346 198 1394 rium,
242 1362 332 1386 non
379 1361 425 1385 ex
466 1344 549 1386 hoc
589 1346 731 1387 dicere
771 1347 825 1386 ad
863 1363 932 1387 me
972 1347 1141 1399 angelus
1169 1345 1349 1401 poterit:
1380 1346 1478 1402 quia

62 1439 178 1462 nunc
209 1421 402 1474 cognovi,
432 1423 550 1476 quod
581 1434 625 1463 tu
655 1422 775 1464 times
804 1423 963 1463 Deum.
1021 1423 1117 1463 Deo
1152 1421 1263 1463 enim
1293 1423 1373 1464 soli
1404 1440 1479 1463 co-

60 1497 221 1551 gnitum
253 1509 312 1540 est
341 1499 611 1553 propositum
643 1498 808 1540 mentis.
853 1499 898 1540 Si
915 1516 1014 1540 vero
1046 1516 1257 1541 accessero
1292 1501 1345 1540 ad
1378 1516 1479 1552 ago-

61 1591 147 1626 nes,
176 1576 398 1630 protulero
428 1576 589 1615 bonam
609 1575 932 1625 confessionem,
965 1591 1072 1630 quae
1091 1576 1344 1626 inseruntur,
1375 1594 1480 1618 con-

61 1663 216 1694 stanter
248 1664 398 1693 cuncta
426 1667 665 1707 suscepe1·0,
696 1663 796 1692 tunc
827 1663 967 1709 potest
997 1652 1136 1693 dicere
1153 1652 1336 1705 angelus,
1368 1654 1478 1695 velut

62 1730 316 1770 confirmans
356 1745 426 1770 me
464 1740 503 1770 et
545 1730 856 1771 corroborans:
898 1745 1039 1779 „nunc
1055 1727 1100 1785 ⁴²)
1133 1730 1325 1782 cognovi,
1357 1733 1476 1786 quod

60 1817 105 1846 tu
135 1806 254 1847 times
284 1806 468 1847 Deum.“
538 1806 700 1847 Verum
739 1807 842 1848 haec
883 1806 992 1848 dicta
1033 1819 1130 1848 sunt
1160 1807 1213 1847 ad
1243 1808 1476 1858 Abraham,

60 1894 107 1924 ut
134 1882 432 1938 pronuntiatus
462 1883 512 1924 sit
539 1883 690 1924 timere
713 1883 866 1924 Deum.
927 1883 1100 1939 Quare?
1136 1884 1244 1944 Quia
1278 1901 1368 1925 non
1399 1901 1475 1940 pe-

60 1959 196 2016 percit
225 1959 314 2000 filio
347 1976 437 2002 suo.
496 1960 584 2000 Nos
624 1976 722 2000 vero
763 1962 1032 2002 conseramus
1074 1961 1179 2001 haec
1219 1977 1316 2001 cum
1356 1962 1476 2017 Apo·

62 2035 161 2077 stoli
193 2035 338 2085 dictis,
377 2035 450 2076 ubi
483 2036 581 2076 dicit
613 2038 665 2076 de
703 2036 820 2077 Deo:
860 2036 1018 2092 ,‚qui⁵)
1058 2036 1238 2094 proprio
1278 2037 1366 2079 filio
1398 2056 1474 2080 suo

59 2129 150 2153 non
187 2111 400 2167 pepercit,
441 2114 514 2153 sed
562 2130 641 2168 pro
680 2113 806 2155 nobis
855 2113 1052 2155 omnibus
1094 2114 1268 2155 tradidit
1314 2115 1476 2156 illum.“

60 2189 168 2229 Vide
199 2189 340 2229 Deum
373 2190 595 2242 magnifica
629 2207 725 2230 cum
754 2190 1000 2232 hominibus
1029 2190 1281 2232 liberalitate
1312 2205 1475 2234 certan-

63 2278 160 2307 tem.
216 2266 436 2311 Abraham
466 2267 690 2308 mortalem
729 2266 864 2309 filium
902 2284 991 2308 non
1032 2269 1289 2310 moriturum
1322 2271 1477 2311 obtulit

32 2353 37 2355 ’
63 2341 181 2393 Deo,
230 2344 348 2388 Deus
389 2343 676 2385 immortalem
728 2345 862 2386 filium
909 2363 990 2401 pro
1046 2345 1246 2388 omnibus
1303 2347 1475 2388 tradidit

61 2420 200 2463 morti.
258 2420 374 2482 Quid
403 2437 482 2462 nos
513 2422 566 2462 ad
597 2422 700 2464 haec
731 2422 950 2467 dicemus?
989 2422 1107 2477 Quid
1138 2411 1474 2477 retrib'ucmusss)

179 2607 223 2662 1)
255 2608 362 2650 Edd.
395 2610 589 2651 Merlini:
618 2610 748 2653 times.

177 2677 224 2730 2)
256 2677 342 2719 Cfr.
373 2679 473 2721 Luc.
504 2681 600 2730 XV,
633 2683 695 2724 10.
812 2683 858 2737 ³)
892 2681 978 2724 Csr.
1011 2681 1148 2723 Galat.
1180 2682 1251 2732 lV,
1280 2686 1317 2726 2.

180 2744 226 2801 ¹²)
258 2746 410 2790 Genes.
438 2750 578 2799 XXII,
610 2752 673 2793 12.
806 2753 850 2807 5)
883 2753 1009 2793 Rom.
1041 2753 1156 2804 Vlll,
1182 2755 1248 2798 32.

180 2816 226 2870 ⁶)
257 2815 342 2859 Csr.
374 2817 526 2862 Psalm.
561 2819 713 2872 CXVI,
744 2823 806 2866 12,
842 2820 1021 2878 (CXV.)
