1764 3096
280 101 365 145 228
882 95 1101 140 OmGENis

283 214 337 256 ris
366 214 429 256 vir
458 212 587 270 justus
616 210 809 253 Elchana
832 210 936 252 duas
953 209 1076 253 simul
1100 207 1337 263 refertur¹)
1369 205 1564 248 habuisse
1592 223 1694 249 uxo-

282 308 359 341 res,
391 307 571 346 quarum
600 307 686 331 una
716 288 970 337 Phenenna,
1012 286 1091 328 alia
1123 288 1248 326 Anna
1279 285 1523 334 dicebatur,
1552 283 1595 324 id
1629 295 1698 334 est,

283 367 503 409 conversio
536 378 574 407 et
604 365 744 419 gratia.
818 364 874 405 Et
908 365 1049 420 primo
1091 364 1263 419 quidem
1305 360 1460 404 dicitur
1497 361 1549 401 de
1587 359 1699 399 Phe-

282 461 422 486 nenna
456 444 564 486 filios
593 441 831 498 suscepisse,
861 441 904 483 id
934 454 1004 491 est,
1036 443 1088 482 de
1120 439 1408 487 conversione,
1443 448 1481 478 et
1507 448 1701 493 postmo-
1758 462 1764 470 -

282 524 384 564 dum
418 523 469 563 de
501 522 641 569 Anna,
671 535 780 575 quae
810 530 870 560 est
898 518 1037 571 gratia.
1096 519 1317 559 Profectus
1348 513 1500 556 etenim
1532 524 1699 554 sancto·
1756 539 1760 546 ·

283 617 377 641 rum
411 596 630 653 Scriptura
659 595 887 648 figuraliter
915 612 992 650 per
1023 594 1219 649 conjugia
1243 593 1443 645 designat.
1501 590 1630 631 Unde
1661 601 1701 630 et
1760 604 1764 630 ἐ

285 689 328 716 tu
360 687 504 732 potes,
532 673 565 715 si
596 672 674 723 vis,
705 671 1000 729 hujuscemodi
1031 670 1275 726 nuptiarum
1309 668 1484 709 maritus
1518 666 1700 715 existere,

285 752 398 807 ct,²)
428 751 545 793 verbi
575 767 711 799 causa,
740 749 774 790 si
803 748 1128 805 hospitalitatem
1162 746 1341 788 libenter
1371 761 1558 795 exerces,
1588 744 1699 784 hanc

285 829 361 871 tibi
384 827 610 885 conjugem
636 825 845 867 videberis
871 825 1115 868 assumsisse.
1167 824 1278 865 Huic
1308 823 1340 865 si
1364 822 1574 864 addideris
1594 837 1699 877 pau-

284 922 436 962 perum
458 921 616 953 curam,
635 905 864 945 secundam
884 901 1089 943 videberis
1106 901 1274 941 sortitus
1289 917 1477 941 uxorem.
1513 898 1645 952 Quod
1665 897 1699 937 si

286 996 325 1024 et
345 981 591 1037 patientiam
615 980 691 1021 tibi
711 978 870 1036 jungas,
890 991 927 1020 et
949 979 1334 1027 mansuetudinem,
1355 989 1596 1031 ceterasque
1618 974 1701 1015 vir-

283 1071 405 1107 tutes,
434 1068 497 1098 tot
517 1055 726 1097 videberis
743 1056 950 1110 accepisse
972 1070 1134 1103 uxores,
1162 1066 1266 1109 quot
1296 1054 1517 1095 virtutibus
1533 1053 1699 1104 gaudes.

281 1137 389 1178 Inde
408 1149 505 1185 ergo
530 1144 599 1182 est,
631 1133 748 1189 quod
767 1131 1001 1173 nonnullos
1025 1130 1366 1173 patriarcharum
1400 1131 1525 1172 simul
1554 1130 1698 1185 plures

279 1212 476 1254 habuisse
506 1208 719 1265 conjuges,
750 1207 854 1250 alios
873 1207 1081 1249 defunctis
1111 1207 1329 1262 prioribus
1351 1207 1557 1261 accepisse
1588 1205 1703 1253 alias,

281 1291 502 1345 Scriptura
522 1296 855 1328 commemorat:
888 1295 933 1325 ut
951 1283 1059 1325 illud
1078 1283 1308 1334 figuraliter
1327 1283 1552 1332 indicetur,
1582 1282 1701 1336 quod

281 1368 454 1425 quidam
495 1366 637 1421 plures
674 1362 800 1404 simul
838 1373 1017 1418 possunt
1057 1377 1251 1402 exercere
1280 1360 1469 1409 virtutes,
1513 1358 1583 1399 alii
1611 1375 1703 1400 non
1756 1374 1764 1403 2⁴.

280 1445 410 1501 prius,
442 1458 551 1499 quae
578 1451 826 1497 sequuntur,
852 1438 1063 1495 incipere,
1094 1455 1222 1493 quam
1255 1437 1401 1494 priora
1429 1435 1705 1493 perduxerint
1755 1430 1764 1487 ,ἑ

280 1524 335 1565 ad
365 1522 614 1578 perfectum.
671 1516 778 1558 Inde
818 1515 1003 1572 denique
1040 1516 1249 1558 Salomon
1288 1514 1431 1570 plures
1473 1513 1597 1555 simul
1628 1513 1704 1553 ha·
1759 1528 1764 1554 -ῑ

280 1599 628 1641 buisserefertur
657 1610 833 1644 uxores,
864 1594 932 1635 cui
973 1593 1131 1634 dixerat
1172 1591 1409 1633 Dominus:
1447 1589 1636 1646 „sapiens
1655 1589 1702 1644 ³)

282 1688 380 1720 ante
408 1687 450 1715 te
480 1690 569 1714 non
600 1671 679 1713 fuit
707 1672 824 1720 talis,
861 1681 903 1711 et
932 1681 1028 1726 post
1055 1681 1096 1710 te
1126 1685 1214 1710 non
1255 1667 1373 1708 erit.“
1447 1667 1560 1720 Quia
1601 1681 1699 1717 ergo
1754 1704 1758 1712 ,

281 1754 457 1796 dederat
486 1750 523 1791 ei
553 1748 769 1790 Dominus
796 1747 1114 1788 multitudinem
1146 1744 1413 1800 prudentiae,
1440 1743 1547 1785 sicut
1574 1758 1703 1784 arena
1762 1769 1764 1774 ·

281 1841 341 1871 est
369 1829 508 1877 mariS,
538 1837 584 1867 ut
611 1824 819 1882 judiearet
848 1824 1061 1879 populum
1090 1839 1215 1864 suum
1253 1822 1298 1863 in
1327 1821 1556 1878 sapientia,
1599 1821 1698 1862 ideo

278 1907 423 1963 plures
451 1902 578 1945 simul
606 1912 776 1957 poterat
804 1915 996 1941 exercere
1026 1900 1209 1940 virtutes.
1264 1899 1377 1940 Sane
1406 1909 1574 1954 praeter
1604 1898 1703 1947 hoe,

281 1983 402 2039 quod
432 1997 479 2022 ex
508 1981 598 2032 lege
629 1978 714 2019 Dei
744 1977 998 2026 edocemur,
1037 1975 1070 2018 si
1112 1975 1235 2016 etiam
1278 1991 1324 2016 ex
1354 1974 1416 2016 his
1449 1973 1700 2015 eruditioni-

278 2062 381 2108 bus,
421 2072 529 2113 quae
569 2054 820 2097 extrinsecus
861 2051 1056 2094 videntur
1094 2069 1180 2095 esse
1216 2052 1262 2093 in
1303 2053 1498 2110 saeculo,
1541 2051 1701 2107 aliquas

280 2134 586 2187 contingimus:
625 2131 742 2172 verbi
787 2147 929 2179 causa,
968 2142 1014 2171 ut
1045 2141 1103 2171 est
1130 2129 1314 2171 eruditio
1353 2130 1597 2177 literarum,
1635 2128 1701 2168 vel
1760 2143 1764 2178 ς

281 2212 378 2255 artis
410 2208 728 2264 grammaticae,
772 2219 819 2248 ut
850 2219 908 2249 est
938 2208 1192 2258 geometrica
1234 2205 1449 2255 doctrina,
1487 2207 1553 2245 vel
1590 2205 1697 2245 ratio

278 2303 573 2337 numerorum,
604 2286 668 2326 vel
698 2283 822 2325 etiam
842 2285 1060 2326 dialectica
1088 2284 1325 2340 disciplina:
1359 2295 1398 2324 et
1419 2283 1522 2324 haee
1554 2281 1697 2323 omnia

281 2365 532 2409 extrinsecus
563 2361 770 2418 quaesita,
816 2362 870 2402 ad
908 2374 1052 2403 nostra
1089 2361 1275 2403 instituta
1320 2360 1606 2417 perducimus,
1638 2370 1699 2400 at-
1753 2368 1755 2371 ⁴

280 2461 363 2501 que
392 2444 437 2485 in
467 2439 737 2484 assertionem
770 2450 938 2481 nostrae
977 2437 1075 2492 legis
1116 2438 1404 2480 adsciscimus:
1451 2450 1549 2478 tunc
1581 2436 1696 2478 vide-

277 2522 423 2563 bimur
450 2519 516 2561 vel
546 2517 796 2571 alienigenas
825 2516 869 2557 in
897 2516 1219 2559 matrimonium
1243 2514 1448 2568 sumsisse,
1476 2516 1541 2557 vel
1573 2514 1695 2557 etiam

396 2694 442 2750 ¹)
471 2693 491 2735 I
521 2693 635 2740 Sam,
668 2692 695 2733 Ι.
727 2692 768 2747 (Ι
798 2690 949 2746 Regg.)

395 2763 442 2819 ²)
472 2763 584 2804 Edd.
606 2761 802 2803 NIerlini:
831 2772 888 2801 ut.

392 2833 445 2890 ³³)
477 2831 563 2875 Cfr.
594 2832 630 2876 ΙΙ
662 2830 823 2874 Chron.
854 2830 886 2882 I,
917 2830 981 2874 12·
