1764 3096
230 81 317 124 2536
831 78 1054 122 Cruor-:ms

233 193 345 250 jus:“
374 193 558 233 mundus
590 191 677 248 ejus
705 208 797 233 sum
831 208 852 232 a
883 192 1108 241 sententia,
1152 208 1280 247 quarn
1323 194 1541 236 decernitis
1573 196 1647 237 ad-

233 287 371 312 versus
401 267 706 310 innocentem?
765 270 902 331 „Quia
926 270 967 324 ¹)
996 270 1039 311 in
1069 271 1128 312 ira
1157 286 1252 318 sua,
1289 268 1451 326 inquit,
1483 271 1652 313 occide-

233 361 333 390 runt
351 347 559 395 homines,
579 358 618 386 et
633 347 676 387 in
701 346 929 402 cupiditate
951 364 1024 388 sua
1057 350 1416 389 subnervaverunt
1438 353 1651 390 taurum.“

233 425 422 481 chuiro
455 440 560 480 quos
592 422 784 464 homines
816 422 1086 473 occiderunt,
1133 441 1228 464 cum
1261 436 1420 465 certum
1452 426 1525 474 sit,
1556 437 1653 466 ante

234 504 473 560 passionem
513 499 693 541 Domini
730 500 943 540 neminem
985 503 1246 542 credentium
1299 517 1383 542 esse
1429 502 1650 557 punitum:

234 581 372 635 nisi2)
405 582 512 620 sorte
545 577 634 633 quis
665 577 762 633 ipsis
793 579 1003 619 adscribat
1034 579 1156 619 etiam
1182 578 1428 630 sanguinem
1462 580 1651 636 prophe—

235 671 393 700 tarum:
426 656 537 712 quia,
569 666 615 694 ut
645 654 805 710 dicit3)
847 655 1083 705 Dominus,
1125 673 1146 697 a
1185 657 1387 709 sanguine
1418 657 1526 697 Abel
1557 654 1655 712 justi

235 752 368 790 usque
411 735 463 774 ad
506 732 751 782 sanguinem
793 731 1024 774 Zachariae
1064 733 1223 783 omnis,
1272 734 1345 788 qui
1385 735 1541 774 effusus
1585 744 1656 781 est,

235 812 398 865 sanguis
427 810 633 867 justorum
667 809 719 848 ab
750 806 839 864 ipsa
868 810 1138 861 generatione
1168 812 1420 865 requiratur.
1480 810 1564 850 Sed
1596 810 1657 849 vi-

236 893 430 937 deamus,
472 904 525 928 ne
555 888 666 926 sorte
697 896 737 925 et
764 885 861 926 illos
893 886 1086 927 homines
1118 887 1373 935 occiderint,
1421 903 1527 941 quos
1559 902 1656 940 per-

235 977 454 1009 suaserunt
485 965 688 1005 clamare:
730 964 919 1013 „sanguis
937 963 981 1017 ⁴)
1018 963 1131 1005 illius
1171 981 1298 1020 super
1328 981 1429 1012 nos,
1460 975 1499 1004 et
1528 979 1656 1018 super

236 1046 347 1088 filios
378 1046 587 1083 nostros.“
656 1039 795 1091 „Et⁵)
834 1039 877 1079 in
925 1038 1152 1094 cupiditate
1191 1058 1264 1082 sua
1295 1042 1659 1083 subnervaverunt

236 1124 446 1165 taurum.“
506 1117 698 1157 Taurum
731 1115 937 1171 appellari
980 1116 1115 1157 filium
1145 1117 1228 1158 Dei
1257 1119 1432 1169 legimus
1462 1118 1505 1158 in
1543 1117 1656 1158 Scri-

236 1213 461 1259 pturarum
491 1194 645 1247 figuris,
676 1192 879 1233 nimirum
911 1193 953 1234 in
984 1193 1230 1245 Evangelio,
1260 1195 1334 1235 ubi
1364 1194 1565 1249 seriptum
1601 1206 1659 1235 est

239 1297 286 1320 cx
315 1290 497 1333 persona
529 1271 605 1311 filii
635 1269 824 1319 senioris,
858 1269 1033 1313 dicentis
1065 1271 1117 1311 ad
1135 1284 1324 1326 patrem:
1357 1270 1521 1326 „eg0⁶)
1550 1286 1660 1312 sem-

236 1373 315 1412 per
345 1366 480 1394 tecum
513 1350 595 1398 sui,
640 1360 680 1389 et
718 1348 970 1388 mandatum
1007 1360 1127 1389 tuum
1172 1366 1393 1405 nunquam
1426 1347 1661 1406 praeterivi,

239 1446 277 1473 et
307 1446 528 1484 nunquam
570 1425 721 1468 dedisti
760 1425 866 1466 mihi
897 1425 1109 1474 hoedum,
1149 1438 1196 1468 ut
1236 1443 1333 1467 cum
1373 1425 1516 1467 amieis
1556 1424 1660 1465 meis

239 1511 446 1566 epularer.
517 1504 628 1545 Cum
670 1515 810 1544 autem
849 1502 962 1543 venit
999 1503 1109 1545 filius
1149 1516 1243 1545 tuus
1276 1503 1344 1545 hic
1374 1502 1540 1560 junior,
1589 1502 1663 1558 qui

242 1585 488 1642 dilapidavit
518 1598 692 1624 omnem
723 1580 997 1622 substantiam
1027 1597 1158 1630 suam,
1192 1581 1382 1622 occidisti
1415 1581 1451 1622 ei
1480 1580 1660 1621 vitulum

238 1664 512 1715 saginatum.“
579 1659 708 1699 Istum
752 1674 850 1709 ergo
892 1668 1081 1707 faurum,
1120 1660 1203 1700 sive
1243 1659 1441 1708 vitulum,
1483 1657 1659 1698 consilio

240 1758 318 1783 suo
359 1739 521 1781 scribae
563 1749 601 1777 et
637 1735 850 1775 Pharisaei
887 1734 1160 1776 subnervasse
1201 1735 1422 1776 dicuntur:
1474 1750 1660 1790 quorum

240 1816 488 1871 maledictus
507 1814 552 1869 ⁷)
581 1815 737 1863 furor,
767 1811 864 1866 quia
894 1812 1141 1852 temerarius
1174 1823 1254 1859 est,
1293 1822 1333 1852 et
1371 1811 1433 1852 ira
1472 1810 1662 1860 illorum,

242 1894 340 1949 quia
370 1893 566 1933 indurata
598 1902 668 1931 est.
727 1888 1014 1940 „Dividam83
1044 1889 1140 1929 ilios
1171 1888 1214 1929 in
1246 1888 1398 1937 Jacob,
1430 1899 1468 1928 et
1501 1888 1663 1943 disper-

243 1988 336 2023 gam
368 1986 439 2009 eos
469 1969 514 2009 in
542 1967 706 2010 Israel.“
763 1965 1010 2006 Videndum
1044 1976 1124 2014 est,
1168 1981 1222 2006 ne
1252 1967 1362 2006 forte
1394 1963 1540 2006 divisio
1573 1965 1661 2014 ista,

245 2065 352 2103 quae
384 2047 451 2087 hic
482 2055 867 2092 commemoratur,
913 2043 1002 2083 talis
1033 2042 1104 2091 sit,
1136 2041 1270 2097 qualis
1301 2054 1340 2082 et
1367 2042 1463 2096 illa,
1497 2043 1550 2083 de
1580 2058 1663 2097 qua

243 2127 288 2167 in
318 2124 547 2174 Evangelio
581 2121 744 2170 dicitur,
776 2122 885 2175 quia,
918 2137 1013 2160 cum
1046 2118 1205 2160 venerit
1234 2119 1448 2159 Dominus
1479 2118 1584 2159 servi
1613 2119 1664 2159 il-

244 2202 346 2250 lius,
387 2198 604 2252 dividet9)
643 2214 791 2249 „eum,
839 2208 1090 2252 partemque
1129 2196 1241 2237 illius
1284 2213 1379 2237 cum
1417 2194 1662 2237 infidelibus

247 2282 418 2336 ponet,“
446 2278 510 2317 vel
542 2286 674 2324 certe,
718 2284 766 2315 ut
797 2273 936 2315 audivi
968 2274 1179 2330 quendam
1211 2289 1258 2314 ex
1288 2272 1438 2315 sanctis
1469 2272 1660 2327 patribus

366 2482 409 2536 ¹)
442 2480 591 2520 Genes.
622 2476 775 2527 XLIX,
803 2478 841 2519 6.

364 2552 411 2598 ’ἢ
441 2550 548 2591 Edd.
579 2548 774 2589 Merlini:
805 2547 850 2588 ni
882 2548 992 2588 forte
1023 2556 1099 2585 etc.

366 2622 412 2677 3)
441 2621 590 2661 Matth.
623 2617 784 2666 XXIII,
811 2618 878 2659 35.
997 2613 1042 2669 ⁴²)
1074 2614 1223 2655 Matth.
1255 2614 1435 2667 XXVII,
1465 2617 1534 2659 25.

371 2690 414 2745 ⁵)
449 2685 599 2731 Geines.
630 2687 785 2736 XLIX,
814 2687 854 2729 6.
970 2686 1017 2741 ⁶)
1046 2686 1146 2726 Luc.
1178 2685 1273 2735 XV,
1300 2685 1365 2727 29.
1395 2687 1462 2729 30.

369 2761 413 2815 ⁷)
445 2760 532 2802 Cfr.
565 2758 714 2800 Genes.
745 2753 899 2807 XLIX,
929 2756 967 2799 7.

367 2829 413 2885 8>
446 2829 596 2871 Genes.
628 2827 782 2877 XLIX,
813 2828 850 2870 7.
969 2824 1015 2880 ⁹)
1045 2825 1145 2866 Luc.
1175 2823 1273 2875 XII,
1302 2823 1368 2867 46.
