1764 3096
494 123 540 154 m
571 110 770 152 GENEsm
801 108 1075 151 H0M1L1AII.
1406 110 1495 158 141*

82 225 239 267 Paulus
268 223 470 280 quoniam
501 218 784 265 descensionis
816 218 969 262 Christi
998 219 1240 278 mysterium
1269 224 1490 277 praedica-

79 302 228 356 bat,¹)
268 300 530 357 profundum
571 295 830 347 nominavit,
871 297 987 352 quasi
1028 297 1080 338 de
1118 298 1408 352 superioribus
1437 302 1491 341 ad

80 377 284 420 inferiora
317 373 530 416 venientis.
588 373 730 414 Moses
761 388 890 422 vero,
921 372 1019 428 quia
1048 372 1355 415 restitutionem
1385 374 1494 416 desi-

82 467 178 508 gnat
191 454 237 507 ²)
267 467 428 499 eorum,
459 449 530 505 qui
560 465 637 505 per
667 448 883 490 Christum
915 451 968 490 de
997 448 1168 490 interitu
1191 462 1230 491 et
1250 450 1493 506 perditione

79 529 235 574 saeculi
263 541 463 583 tanquam
493 527 546 567 de
575 542 678 566 nece
708 524 852 567 diluvii
873 542 918 567 ex
936 525 1210 569 inferioribus
1237 528 1291 570 ad
1310 544 1494 584 superna

82 619 121 648 et
149 602 341 646 coelestia
372 614 638 653 revocantur,
666 603 711 644 in
738 618 936 644 mensura
967 619 1196 644 arcaenon
1224 606 1492 659 profundum

79 691 308 730 memorat,
336 681 409 721 sed
439 680 595 730 altum,
626 690 829 734 tanquam
865 678 941 720 ubi
971 681 1024 721 de
1053 679 1228 722 terrenis
1257 692 1295 721 et
1324 681 1497 723 humili-

79 759 157 798 bus
187 758 241 798 ad
280 755 474 798 coelestia
516 767 554 797 et
595 757 754 797 excelsa
784 756 1097 798 conscenditur.
1166 757 1345 799 Numeri
1383 774 1494 814 quo-

80 850 162 890 quc
199 845 441 889 ponuntur,
480 831 655 874 trecenti
692 832 823 873 cubiti
860 831 1153 884 longitudinis,
1193 833 1496 890 quinquaginta

79 910 321 960 latitudinis,
350 909 516 962 triginta
549 908 793 951 altitudinis.
854 907 1064 959 Trecenti,
1093 921 1158 952 ter
1188 910 1356 952 centeni
1384 922 1493 952 sunt.

84 986 361 1029 Centenarius
393 998 533 1028 autern
562 1003 786 1035 numerus,
832 988 989 1042 plenus
1027 986 1071 1028 in
1103 987 1301 1029 omnibus
1331 1000 1370 1028 et
1399 1004 1496 1042 pcr-

81 1066 212 1106 fectus
244 1063 498 1114 ostenditur,
539 1075 578 1104 et
607 1063 735 1104 totius
778 1064 996 1106 rationalis
1031 1076 1248 1107 creaturae
1275 1065 1496 1106 continens

82 1151 411 1184 sacramentum:
451 1140 558 1183 sieut
595 1140 639 1182 in
685 1140 920 1194 Evangeliis
958 1141 1214 1196 legimus,³)
1264 1141 1340 1183 ubi
1385 1140 1498 1193 dicit,

84 1216 181 1272 quia
209 1218 368 1258 habens
389 1216 480 1272 quis
508 1228 677 1258 centum
701 1234 810 1268 oves,
842 1235 887 1259 cx
908 1218 1060 1275 quibus
1082 1236 1178 1260 cum
1198 1218 1371 1274 perisset
1399 1234 1500 1267 una,

85 1293 239 1335 relictis
267 1294 500 1346 nonaginta
531 1309 683 1334 novem
725 1294 769 1334 in
800 1295 1016 1336 montibus
1048 1294 1265 1336 descendit
1295 1311 1498 1350 quaerere

86 1387 200 1421 eam,
241 1385 348 1424 quae
378 1368 580 1424 perierat,
622 1385 834 1425 quamque
863 1371 1075 1413 inventam
1106 1371 1291 1412 humeris
1319 1370 1402 1413 suis
1432 1387 1497 1412 re—

85 1447 284 1504 portavit,
314 1457 353 1487 et
381 1444 526 1500 posuit
557 1461 653 1486 cum
684 1445 763 1487 illis
798 1449 1029 1499 nonaginta
1056 1465 1233 1499 novem,
1271 1464 1380 1504 quae
1407 1464 1498 1488 non

84 1523 307 1580 perierant.
365 1522 447 1563 Hie
477 1536 575 1572 ergo
610 1522 871 1564 centenarius
903 1525 1032 1566 totius
1064 1536 1280 1566 creaturae
1308 1524 1494 1564 rationa-

84 1603 134 1643 lis
163 1616 375 1649 numerus,
406 1596 610 1653 quoniam
640 1614 730 1639 non
763 1614 809 1639 ex
840 1611 972 1641 semet
1000 1601 1095 1656 ipso
1120 1599 1316 1649 subsistit,
1346 1601 1419 1641 sed
1451 1617 1498 1641 ex

84 1675 270 1718 trinitate
302 1673 529 1723 descendit,
561 1685 600 1714 et
628 1673 939 1726 longitudinem
960 1678 1079 1729 vitae,
1109 1678 1193 1719 hoc
1220 1688 1291 1726 est,
1319 1676 1500 1718 immor-

86 1752 251 1795 talitatis
281 1750 468 1804 gratiam,
499 1768 544 1792 ex
573 1761 694 1806 patre
723 1767 800 1806 per
828 1752 966 1797 filium
995 1771 1043 1797 ac
1073 1754 1280 1811 Spiritum
1309 1766 1501 1796 sanctum

87 1829 278 1885 suscepit,
306 1827 466 1869 idcirco
498 1827 731 1883 triplicatus
759 1829 956 1884 ponitur,
990 1841 1142 1887 utpote
1174 1832 1247 1887 qui
1277 1834 1331 1874 ad
1362 1834 1501 1889 perfe-

88 1907 272 1948 ctionem
310 1921 387 1961 per
425 1904 597 1957 gratiam
639 1903 854 1948 Trinitatis
894 1919 1089 1959 augetur,
1131 1919 1171 1948 ct
1219 1909 1290 1963 qui
1323 1926 1369 1950 ex
1400 1925 1499 1949 cen-

88 1983 251 2024 tenario
282 1999 360 2037 per
388 1980 672 2032 ignorantiam
701 1983 880 2037 lapsum,
916 2000 993 2038 per
1023 1983 1277 2037 agnitionem
1308 1984 1502 2027 trinitatis

91 2059 279 2100 restituat
305 2059 350 2098 in
379 2069 598 2099 trecentos.
662 2057 861 2099 Latitudo
908 2058 1314 2115 quinquagenarium
1350 2078 1501 2104 nurne-

91 2153 188 2176 rum
219 2145 345 2175 tenet.
406 2133 494 2188 Qui
522 2150 722 2176 numerus
751 2133 987 2175 remissioni
1018 2147 1058 2177 et
1084 2136 1369 2191 indulgentiae
1398 2156 1501 2180 con-

90 2223 274 2255 secratus
306 2222 375 2253 est.
425 2210 671 2252 Secundum
692 2212 824 2263 legem
856 2209 968 2252 enim
1001 2210 1348 2268 quinquagesimo
1384 2232 1497 2256 anno

92 2288 279 2330 remissio
311 2299 410 2336 erat,
441 2287 485 2328 id
518 2299 586 2337 est,
617 2298 675 2336 ut,
706 2287 739 2329 si
769 2287 859 2342 quis
894 2287 1146 2330 distraxisset
1174 2291 1500 2345 possessionem,

92 2364 315 2421 reciperet3
343 2363 376 2405 si
405 2364 515 2405 liber
543 2363 585 2404 in
616 2364 853 2405 servitutem
884 2363 1069 2415 venisset,
1098 2366 1304 2423 reciperet
1331 2368 1502 2409 liberta-

92 2452 204 2494 tem;
231 2441 535 2493 indulgentiam
566 2440 735 2483 debitor
766 2443 995 2498 acciperet;
1035 2442 1129 2484 exul
1158 2443 1314 2486 rediret
1343 2446 1396 2486 ad
1426 2461 1502 2500 pa-

213 2640 257 2696 ¹)
288 2642 367 2683 Sex
396 2643 494 2686 Mss.
523 2644 698 2685 habent:
747 2645 1084 2701 „praedicabat,“
1122 2644 1219 2687 libri
1250 2644 1346 2687 editi
1377 2643 1436 2699 (e.
1466 2660 1499 2685 c,

101 2697 194 2738 edd.
225 2697 335 2751 Μ.>;
366 2699 647 2753 ‚,praedicat.“
678 2700 727 2743 R.

211 2766 257 2820 ²)
286 2766 396 2808 Edd.
425 2767 618 2811 Merlini:
649 2769 878 2822 designans,

210 2836 258 2889 ³)
289 2835 374 2879 Cfr.
405 2835 504 2880 Luc.
535 2838 628 2887 XV,
656 2839 693 2884 4.
723 2855 836 2895 seqq.
