1764 3096
506 87 553 118 m
585 73 784 118 Gensssm
812 73 1014 117 HozvnnA
1040 74 1156 116 XIII.
1453 78 1536 121 245

123 190 235 231 Vere
266 187 376 230 enim
407 187 600 230 dilatatus
633 198 691 229 est
719 187 856 236 Isaac,
899 197 939 228 et
967 197 1137 228 auctum
1169 197 1228 228 est
1255 202 1415 228 nomen
1446 187 1533 243 ejus

119 282 246 321 super
273 277 442 313 terram,
473 281 568 306 cum
602 262 845 319 adimplevit
874 262 919 306 ia
938 263 980 319 ²)
1012 263 1139 305 nobis
1168 262 1382 305 scientiam
1412 263 1533 305 trini-

121 341 224 382 tatis.
297 341 421 382 Tunc
453 341 564 382 enirn
594 351 758 382 tantum
788 339 835 380 in
864 340 1028 381 ,Iudaea
1058 351 1184 382 notus
1216 339 1362 392 erat2)
1399 339 1530 388 Deus,

119 429 158 459 et
187 418 231 459 in
262 417 388 460 Israel
419 433 620 470 magnum
651 433 811 457 nomen
845 415 930 472 ejus
960 417 1280 464 nominabatur,
1310 433 1424 457 nunc
1456 433 1531 457 au-

114 506 198 534 tem
230 494 299 544 „in
315 494 360 549 ³)
393 511 563 536 omnem
591 505 749 535 terram
781 493 901 534 exivit
928 511 1056 535 sonus
1085 510 1247 542 eorum,
1277 504 1317 534 et
1347 492 1392 533 in
1425 494 1530 535 fines

115 570 228 612 orbis
258 582 394 612 terrae
425 572 552 612 verba
584 574 774 611 eorum.“
830 569 990 611 Euntes
1012 569 1125 612 enim
1155 569 1278 626 pueri
1307 570 1421 611 Isaac
1451 586 1529 625 per

111 647 352 688 universum
385 648 534 688 orbern
564 659 700 688 terrae
729 648 932 687 foderunt
950 658 1114 700 puteos,
1146 659 1183 688 et
1209 665 1361 703 aquarn
1394 647 1529 687 vivam

112 724 312 765 omnibus
343 726 630 773 ostenderunt,
660 723 917 779 baptizantes
933 722 978 778 4)
1008 741 1182 772 „ornnes
1212 736 1352 776 gentes
1383 723 1426 764 in
1446 741 1527 765 no-

109 800 223 841 mine
262 799 418 849 Patris,
472 812 510 840 et
548 799 668 849 Filii,
709 812 748 840 et
789 799 968 856 Spiritus
1004 800 1175 841 sancti.“
1258 800 1526 855 „Domini⁵)

111 877 222 918 enim
259 888 316 918 est
345 889 468 927 terra,
502 888 541 918 et
570 875 795 932 plenitudo
839 874 963 933 ejus.“
1031 876 1119 917 Sed
1161 889 1200 917 et
1237 877 1527 933 unusquisque

109 966 325 1004 nostrum,
371 954 443 1010 qui
480 956 656 995 verbum
693 953 776 995 Dei
815 952 1043 1004 ministrat,
1088 966 1263 1009 puteum
1310 955 1442 1003 fodit,
1487 965 1526 995 et

110 1048 262 1087 aquam
297 1032 430 1072 vivam
462 1031 637 1087 quaerit,
669 1047 715 1072 ex
748 1046 828 1085 qua
860 1030 1019 1070 reficiat
1049 1030 1274 1073 auditores.
1345 1032 1390 1072 Si
1422 1047 1521 1083 ergo

108 1109 310 1165 incipiam
341 1120 380 1150 et
411 1125 487 1160 ego
519 1119 706 1149 veterum
739 1108 848 1147 dicta
882 1108 1101 1156 discutere,
1135 1119 1172 1148 et
1201 1125 1367 1149 sensum
1399 1108 1443 1149 in
1472 1106 1521 1148 iis

108 1202 309 1241 quaerere
338 1185 613 1241 spiritualem,
644 1184 675 1226 si
708 1195 881 1224 conatus
910 1185 1032 1226 suero
1059 1185 1248 1225 velamen
1268 1184 1367 1236 legis
1404 1200 1522 1225 amo-

107 1278 203 1302 vere
234 1273 274 1302 et
306 1263 528 1303 ostendere
560 1261 783 1313 allegorica
824 1277 930 1310 esse,
979 1278 1087 1317 quae
1116 1262 1268 1317 scripta
1300 1273 1416 1312 sunt,
1456 1263 1522 1302 so·

107 1337 179 1378 dio
211 1338 383 1393 quidem
413 1350 576 1393 puteos,
608 1339 681 1379 sed
710 1338 846 1379 statim
883 1338 989 1378 mihi
1026 1339 1261 1379 movebunt
1292 1337 1521 1379 calumnias

107 1414 232 1455 amici
260 1415 426 1465 literne,
472 1426 510 1455 et
539 1414 852 1457 insidiabuntur
879 1414 1006 1464 mihi,
1034 1414 1271 1458 inimicitias
1313 1416 1517 1456 continuo

106 1503 144 1532 et
173 1491 486 1548 persecutiones
515 1493 740 1548 parabunt,
769 1493 982 1533 veritatem
1014 1503 1211 1542 negantes
1247 1503 1354 1534 stare
1396 1506 1520 1546 posse

107 1568 185 1610 nisi
215 1586 342 1624 super
370 1580 540 1610 terram.
599 1568 686 1609 Sed
716 1584 794 1609 nos
824 1568 858 1609 si
887 1567 1002 1609 Isaac
1032 1568 1153 1624 pueri
1183 1585 1338 1616 sumus,
1367 1578 1518 1622 puteos

104 1661 237 1701 aquae
266 1645 381 1686 vivae
412 1645 631 1696 diligamus
670 1657 710 1685 et
738 1646 900 1687 fontes:
939 1661 961 1685 a
992 1644 1176 1695 litigiosis
1216 1655 1255 1685 et
1284 1643 1518 1684 calumnia·-

104 1722 266 1764 toribus
297 1723 556 1770 recedamus,
590 1733 630 1762 et
661 1721 947 1777 relinquamus
979 1738 1049 1763 eos
1076 1721 1118 1761 in
1139 1734 1262 1769 terra,
1293 1737 1422 1776 quam
1453 1722 1515 1762 di—

102 1799 246 1852 ligunt.
303 1799 391 1841 Nos
422 1815 521 1839 vero
552 1814 772 1854 nunquam
805 1815 1008 1840 cessemus
1046 1810 1199 1854 puteos
1240 1814 1374 1854 aquae
1403 1797 1519 1839 vivae

101 1875 334 1917 fodiendo:
377 1887 415 1916 et
443 1892 558 1916 nunc
590 1875 762 1930 quidem
791 1887 955 1928 vetera,
983 1892 1099 1916 nune
1140 1875 1264 1915 etiam
1294 1889 1400 1914 nova
1434 1872 1517 1914 dis·

104 1952 327 2000 cutiendo,
365 1953 600 1992 efficiamur
638 1953 791 1994 similes
834 1952 895 1993 illi
943 1951 1183 2002 evangelico
1222 1951 1404 2000 scribae,
1462 1952 1514 1992 de

103 2046 188 2085 quo
218 2029 432 2070 Dominus
462 2029 574 2080 dixit,
606 2027 701 2085 quia
732 2027 981 2083 ‚,profert⁶)
1013 2029 1064 2069 de
1095 2029 1290 2069 thesauro
1310 2044 1386 2068 suo
1407 2044 1517 2069 nova

104 2119 143 2147 et
172 2112 348 2147 vetera.“
417 2106 501 2146 Sed
533 2117 571 2146 et
600 2105 633 2146 si
663 2105 753 2161 quis
783 2123 932 2146 eorum
964 2122 1032 2146 me
1059 2121 1174 2146 nunc
1199 2106 1342 2145 audiat
1373 2106 1514 2160 dispu-

102 2196 274 2233 tantem,
306 2183 377 2238 qui
407 2184 639 2223 saeculares
669 2183 806 2224 literas
838 2183 976 2232 novit,
1021 2182 1119 2223 dicit
1151 2184 1343 2223 sortasse:
1372 2193 1515 2223 nostra

104 2273 199 2303 sunt
226 2261 314 2309 ista,
347 2275 453 2315 quae
483 2258 609 2308 dicis,
652 2271 692 2300 et
729 2272 897 2302 nostrae
934 2260 1029 2301 artis
1070 2257 1249 2302 eruditio
1289 2271 1369 2301 est:
1411 2259 1513 2300 haee

222 2464 264 2518 ¹)
295 2463 573 2505 Desideratur
603 2465 695 2513 ,‚in“
726 2463 771 2504 in
803 2464 895 2504 edd.
927 2463 986 2504 M.

217 2534 263 2585 Ἰ)
297 2533 384 2575 Cfr.
416 2534 570 2574 Psalm.
600 2534 794 2582 LXXVI,
828 2537 863 2578 1.
895 2533 1115 2589 (LXXV.)

219 2603 264 2655 ³)
295 2603 447 2645 Psalm.
477 2603 596 2652 XIX,
625 2604 664 2644 4.
695 2602 899 2659 (XVIII.)

221 2672 267 2727 ι>
296 2673 447 2715 Matth.
477 2672 678 2721 XXVIII,
706 2674 770 2716 19.

223 2742 268 2796 ὁ>
298 2742 451 2784 Psalm.
483 2742 643 2791 XXIV,
673 2743 709 2784 1.
740 2742 947 2800 (XXIII.)

223 2812 269 2866 ⁶)
297 2811 449 2854 Matth.
481 2811 598 2861 XIII,
627 2813 692 2854 52.
