1764 3096
486 98 534 128 m
566 84 766 127 Gmfflsns‘
795 84 995 126 HommA
1017 84 1154 126 XVII.
1400 131 1406 133 μ
1450 86 1534 130 285

115 216 200 242 esse
236 197 436 251 suggerit,
478 200 596 253 quod
644 197 862 252 delinquit.
934 195 1088 236 Cubile
1129 210 1226 246 ergo
1267 195 1366 248 legis
1403 196 1529 253 hujus

114 287 312 325 temerat,
353 292 399 316 ac
430 276 570 316 sedem
601 274 751 315 secreti
783 272 869 330 ejus
901 273 1105 321 maculat,
1148 271 1220 326 qui
1256 289 1458 330 praeceps
1490 286 1530 314 ct

111 352 288 394 infrenis
318 353 451 393 fertur
481 353 534 392 ad
566 351 673 392 vitia.

221 430 261 475 3.
292 427 496 477 „Simeon
516 428 557 483 ¹)
589 439 629 468 et
658 426 755 467 Levi
786 427 932 467 fratres
963 428 1233 482 perfecerunt
1264 425 1530 481 iniquitatem

111 504 336 545 voluntatis
368 521 478 545 suae.
535 504 582 544 In
615 503 839 544 consilium
872 519 1019 542 eorum
1051 519 1138 543 non
1175 503 1358 544 introeat
1389 502 1530 544 anima

111 598 225 632 mea,
265 592 305 621 et
344 581 387 621 in
427 580 603 621 consilio
645 596 793 620 eorum
834 596 925 619 non
955 579 1190 620 innitantur
1227 579 1382 620 viscera
1413 595 1530 619 mea:

111 659 313 713 quoniam
344 658 388 698 in
417 657 479 697 ira
509 675 581 698 sua
615 656 863 698 occiderunt
894 657 1105 704 homines,
1156 668 1195 697 et
1223 657 1266 697 in
1300 657 1531 712 cupiditate

110 752 184 775 sua
203 736 563 776 subnervaverunt
584 746 765 775 taurum.
816 732 1066 773 Maledictus
1092 735 1212 773 furor
1238 750 1399 781 eorum,
1431 733 1530 788 quia

110 812 357 852 temerarius
390 821 458 859 est,
491 821 528 850 et
557 810 617 852 ira
634 811 824 858 illorum,
856 809 952 865 quia
974 809 1170 851 indurata
1202 820 1270 851 est.
1329 810 1530 850 Dividam

108 887 202 928 illos
232 886 275 927 in
304 886 459 934 Jacob,
501 899 539 927 et
579 887 812 942 dispergam
857 887 953 927 illos
993 887 1035 927 in
1066 886 1234 927 Israel.“
1306 885 1530 939 Quantum

114 964 284 1019 quidem
317 964 370 1003 ad
400 962 620 1004 historiam
650 964 855 1020 pertinet,
897 963 1062 1004 videtur
1100 963 1207 1004 illud
1249 979 1398 1003 eorum
1440 964 1530 1003 cul-

110 1057 212 1095 pare
243 1039 534 1090 commissum,
566 1043 684 1096 quod
713 1042 896 1081 Erumor
923 1040 1081 1088 filium,
1113 1039 1298 1087 Sichem,
1331 1039 1402 1094 qui
1430 1050 1531 1094 post

109 1117 267 1157 sororis
301 1134 451 1157 eorum
482 1117 757 1157 concubitum
786 1116 969 1157 familiae
987 1116 1111 1157 Israel
1143 1116 1333 1156 voluerat
1359 1116 1528 1165 sociari,

108 1194 258 1233 fraude
298 1205 335 1233 et
378 1193 737 1235 circumventione
774 1191 1038 1249 jugularunt,
1080 1204 1205 1247 atque
1251 1209 1397 1233 omnes
1440 1191 1527 1247 ejus

109 1271 297 1325 populos
336 1281 631 1325 peremerunt:
674 1271 846 1324 quando
894 1280 933 1309 et
979 1269 1147 1310 dicebat
1176 1268 1222 1311 iis
1252 1268 1380 1310 Israel
1409 1281 1530 1324 pater

112 1363 274 1395 eorum,
306 1348 403 1402 quia
435 1347 666 1396 „odibilem
685 1346 729 1399 2>
761 1362 830 1386 me
859 1345 1007 1387 fecistis
1028 1346 1071 1387 in
1092 1346 1176 1386 hoc
1196 1347 1408 1386 mund0:“
1439 1362 1530 1386 ma-

106 1424 309 1464 ledictum
344 1440 492 1465 eorum
524 1423 660 1464 furori
689 1423 996 1478 temeritatique
1034 1423 1313 1478 imprecatur,
1354 1435 1391 1464 et
1424 1423 1530 1464 divi-

109 1502 271 1541 dendos
318 1517 386 1541 eos
423 1517 500 1556 per
546 1502 757 1556 populum
798 1499 925 1541 Israel
966 1510 1245 1555 protestatur:
1294 1511 1442 1554 utpote
1481 1516 1528 1540 ex

106 1576 204 1633 ipsis
234 1577 394 1618 Lex-itas
425 1589 463 1617 et
492 1579 729 1618 sacerdotes
758 1578 943 1625 futuros,
995 1577 1067 1631 qui
1097 1588 1210 1617 sorte
1240 1587 1395 1617 terram
1424 1593 1529 1632 pro-

107 1653 246 1708 priam
276 1671 366 1694 non
397 1655 651 1695 habuerunt,
711 1652 949 1709 Spiritualis
982 1665 1119 1694 autem
1153 1654 1205 1693 de
1234 1653 1295 1693 his
1328 1654 1525 1709 explana-

108 1731 168 1772 tio
200 1730 292 1772 talis
324 1730 429 1771 mihi
459 1732 666 1786 quaedam
697 1747 822 1785 posse
850 1730 1016 1771 videtur
1037 1730 1184 1784 aptari,
1216 1732 1333 1784 quod
1351 1729 1528 1772 Simeon

110 1819 148 1847 et
178 1807 297 1856 Levi,
326 1808 559 1848 scribarum
599 1818 639 1848 et
667 1806 993 1848 Pharisaeorum
1025 1806 1195 1847 Judaici
1236 1807 1388 1861 populi
1425 1824 1527 1863 pos-

108 1884 190 1925 sint
219 1886 329 1925 ferre
359 1901 607 1940 personam,
631 1885 684 1924 de
715 1883 866 1938 quibus
899 1884 1057 1924 dictum
1092 1894 1171 1924 est:
1211 1882 1525 1937 „consilium-³)

108 1963 299 2002 fecerunt
329 1960 490 2002 scribae
522 1972 560 2000 et
580 1959 805 2008 Pharisaei,
836 1971 881 2000 ut
910 1960 1055 2001 Jesum
1087 1965 1321 2000 tenerent:“
1353 1960 1521 2015 de'quo

111 2037 288 2079 consilio
322 2037 422 2078 dicit
459 2048 642 2085 sanctus,
690 2035 761 2090 qui
800 2047 941 2076 mente
971 2036 1114 2076 Deum
1156 2036 1344 2076 videbat:
1389 2036 1459 2085 „in
1478 2038 1524 2090 ⁴)

110 2113 331 2155 consilium
365 2130 513 2154 eorum
543 2129 632 2153 non
661 2111 843 2153 introeat
882 2112 1019 2153 anima
1048 2117 1190 2153 mea.“
1249 2112 1381 2155 Falsis
1411 2115 1523 2155 testi-

106 2192 185 2232 bus
217 2190 413 2233 adhibitis
445 2190 789 2231 condemnabant
820 2189 977 2232 Jesum.
1045 2190 1247 2245 ‚,N0n,⁵)
1287 2190 1448 2246 inquit,
1478 2193 1523 2232 in

109 2267 285 2309 consilio
322 2284 470 2309 eorum
500 2265 794 2319 innitanturfi)
826 2266 981 2306 viscera
1012 2271 1144 2306 mea.¹‘
1202 2267 1302 2308 Non
1332 2268 1408 2308 tibi
1437 2269 1522 2309 hoc

108 2343 272 2385 videtur
302 2345 463 2398 dicere3
492 2341 763 2398 „mundus⁷)
805 2358 879 2394 ego
907 2359 1002 2385 sum
1033 2358 1056 2383 a
1085 2343 1287 2394 sanguine
1316 2342 1411 2401 justi
1440 2344 1521 2385 hu-

227 2541 270 2596 ¹)
303 2539 452 2581 Genes.
484 2539 637 2588 XLIX,
668 2539 707 2581 5.
744 2539 783 2581 6.
815 2537 851 2579 7.

222 2610 269 2664 ²)
301 2608 451 2651 Genes.
483 2608 684 2658 XXXIV,
711 2608 778 2651 30.
896 2605 941 2661 3)
972 2606 1121 2648 Manh.
1154 2606 1312 2656 XXVI,
1340 2608 1377 2650 4,

220 2679 266 2733 ²)
299 2678 448 2720 Genes.
481 2678 632 2727 XLIX,
659 2678 697 2720 6.
816 2676 861 2731 ⁵)
892 2675 1043 2719 Genes.
1072 2676 1225 2726 XLIX,
1254 2677 1291 2720 6.

224 2747 270 2801 ⁶)
301 2747 408 2788 Edd.
439 2747 632 2789 Merlini:
663 2746 906 2789 innitentur.

228 2817 271 2872 ⁷)
302 2817 451 2859 Matth.
481 2816 659 2868 XXVII,
687 2818 753 2860 24.
