1764 3096
259 90 344 133 236
859 85 1079 129 Omcnms

261 204 363 244 salsa
393 199 628 243 testimonia
644 203 679 249 ,⁴⁴
729 197 841 249 doli,
886 199 1194 249 contentiones,
1225 198 1438 249 haereses,
1481 198 1676 252 invidiae,

259 280 603 326 comessationes,
643 289 684 318 et
720 277 781 317 his
820 274 982 319 similla.
1054 277 1204 325 Vides,
1244 287 1425 331 quantus
1462 278 1675 318 malorum

258 359 446 414 populus
475 358 585 398 intra
614 371 693 395 nos
725 351 812 394 est?
874 353 919 394 Si
961 369 1060 394 vero
1101 369 1342 393 mereamur
1381 352 1496 394 illam
1526 369 1673 394 vocem

259 435 399 477 dicere
427 445 570 476 sancto
603 429 802 486 Spiritui:
831 446 880 479 „a
901 431 944 486 1)
972 432 1126 472 timore
1142 440 1230 478 tuo,
1253 429 1454 480 Domine,
1484 431 1527 471 in
1552 443 1672 472 utero

260 512 545 567 concepimus,
575 521 615 550 et
644 507 908 563 peperimus,
946 507 1137 562 spiritum
1179 508 1321 548 salutis
1361 519 1456 548 tuae
1500 508 1676 550 fecimus

256 605 385 643 super
414 590 618 628 terram:“
648 597 749 626 tunc
782 597 820 626 et
850 584 952 626 alius
983 583 1097 642 intra·
1122 600 1200 624 nos
1239 586 1425 639 populus
1464 584 1676 626 invenitur

255 665 300 706 in
331 664 475 720 spiritu
508 673 738 715 generatus.
795 660 1003 711 „Fructus
1019 660 1064 717 ²)
1099 661 1207 701 enim
1229 661 1397 716 spiritus
1427 673 1485 703 est
1516 661 1676 712 caritas,

255 743 469 794 gaudium,
500 757 594 796 pax,
623 738 837 795 patientia,
868 739 1092 788 humilitas,
1122 741 1419 790 mansuetudo,
1451 740 1676 781 continen-

253 818 323 870 tia,
353 818 550 859 castitas:“
579 829 619 858 et
648 817 710 858 his
739 816 902 857 similia.
960 817 1087 857 Vides
1120 827 1158 856 et
1188 814 1315 856 alium
1343 818 1570 872 populum,
1601 816 1673 872 qui

256 907 297 937 ct
325 896 415 951 ipse
443 894 552 936 intra
582 910 660 935 nos
681 906 762 934 est:
793 894 866 935 sed
894 892 969 935 iste
991 893 1134 933 minor
1152 904 1223 941 est,
1252 893 1324 933 ille
1353 891 1505 949 major.
1552 894 1673 935 Sem-

253 990 331 1028 per
361 973 471 1013 enim
502 974 643 1027 plures
673 982 770 1014 sunt
799 970 912 1019 mali,
944 987 1070 1025 quam
1103 970 1230 1018 boni,
1271 982 1310 1010 et
1341 969 1437 1010 vitia
1466 987 1672 1011 numero-

252 1049 362 1091 siora
394 1047 626 1089 virtutibus.
685 1047 770 1087 Sed
801 1046 835 1087 si
864 1047 968 1086 tales
997 1046 1199 1101 simus‚3)
1233 1046 1365 1103 qualis
1397 1046 1602 1096 Rebecca,
1634 1058 1673 1087 et

252 1141 495 1166 mereamur
526 1125 578 1165 de
607 1123 734 1172 Isaac,
763 1122 809 1163 id
841 1133 910 1171 est,
943 1123 996 1163 de
1035 1125 1166 1164 verbo
1199 1123 1283 1164 Dei
1314 1124 1470 1164 habere
1514 1140 1671 1164 conce-

251 1213 387 1257 ptum,
419 1200 542 1241 etiam
571 1199 616 1240 in
646 1198 771 1239 nobis
801 1199 987 1255 populus
1010 1201 1223 1255 populum
1254 1200 1483 1255 superabit,
1513 1211 1552 1240 et
1581 1217 1671 1241 ma-

251 1278 322 1336 jor
349 1277 496 1320 serviet
524 1276 710 1318 minori:
739 1276 888 1319 serviet
927 1276 1082 1317 etenim
1127 1294 1226 1319 caro
1264 1276 1450 1333 spiritui,
1495 1288 1534 1317 et
1573 1276 1671 1318 vitia

249 1356 471 1398 virtutibus
501 1356 665 1396 cedent.
726 1354 806 1404 „Et
822 1353 866 1407 ⁴)
897 1353 1062 1410 impleti
1089 1367 1214 1405 sunt,
1254 1352 1414 1410 inquit,
1453 1353 1539 1395 dies
1570 1352 1671 1410 ejus,

250 1445 297 1474 ut
326 1444 514 1489 pareret:
547 1443 586 1472 et
614 1443 733 1472 erant
764 1431 919 1482 gemini
948 1430 992 1471 in
1020 1418 1164 1472 ventre
1195 1430 1322 1489 ejus.“
1396 1430 1478 1472 Hic
1515 1447 1671 1481 sermo,

249 1510 294 1552 id
327 1521 405 1552 est:
435 1509 625 1565 „impleti
653 1521 751 1550 sunt
781 1509 869 1551 dies
900 1507 1002 1566 ejus,
1031 1521 1078 1550 ut
1097 1514 1314 1565 pareret:“
1341 1525 1563 1564 nunquam
1582 1511 1670 1550 fere

250 1587 329 1628 nisi
361 1588 414 1627 de
442 1586 594 1627 sanctis
623 1586 870 1628 mulieribus
900 1586 1107 1628 scribitur.
1166 1586 1236 1626 De
1265 1587 1343 1627 hac
1372 1602 1558 1641 namque
1586 1586 1668 1627 Re-

249 1666 382 1705 becca
417 1663 576 1704 dictum
609 1674 669 1703 est
699 1664 794 1713 hoc,
827 1675 866 1704 et
897 1665 949 1704 de
980 1662 1195 1703 Elisabeth
1232 1675 1366 1703 matre
1395 1662 1595 1712 Joannis,
1627 1676 1667 1704 et

250 1740 390 1782 Maria
419 1752 552 1780 matre
581 1739 763 1780 Domini
791 1739 926 1781 nostri
955 1740 1055 1781 Jesu
1090 1738 1255 1781 Christi.
1315 1739 1443 1780 Unde
1471 1740 1576 1780 mihi
1607 1740 1667 1780 vi-

253 1819 375 1858 detur
406 1815 603 1857 eximium
636 1816 808 1872 aliquid,
841 1828 879 1857 et
911 1829 1079 1873 praeter
1108 1829 1266 1858 ceteros
1295 1817 1490 1858 homines
1520 1817 1665 1874 hujus-

251 1895 421 1936 cemodi
449 1904 593 1949 partus
625 1894 869 1943 ostendere,
912 1906 952 1935 et
991 1893 1169 1949 repletio
1202 1893 1366 1934 dierum
1399 1906 1539 1935 ortum
1568 1912 1666 1950 per-

248 1974 381 2013 fectae
409 1970 570 2012 sobolis
600 1969 800 2011 indicare.

361 2048 400 2088 4.
429 2046 567 2097 „Exiit
588 2046 632 2100 5)
663 2058 800 2086 autem
833 2045 967 2095 filius,
1009 2045 1169 2102 inquit,
1198 2046 1457 2106 primitivus,
1495 2049 1665 2104 rubens,

251 2138 291 2168 et
330 2136 443 2166 totus
480 2135 683 2178 tanquam
723 2123 845 2178 pellis
885 2123 1079 2165 hirsutus.
1157 2123 1487 2176 Cognominavit
1525 2137 1665 2167 autem

248 2217 410 2244 nomen
444 2200 554 2240 itlius
584 2199 708 2240 Esau.
765 2199 820 2240 Et
849 2210 995 2254 postea
1027 2200 1123 2243 exiit
1151 2203 1280 2242 frater
1311 2199 1416 2257 ejus,
1447 2213 1486 2242 et
1514 2219 1663 2244 manus

252 2278 340 2335 ejus
377 2277 559 2333 implexa
603 2288 690 2316 erat
736 2276 934 2317 calcaneo
975 2276 1116 2319 Esau:
1161 2290 1200 2319 et
1237 2277 1465 2333 appellavit
1501 2295 1662 2318 nomen

247 2355 360 2397 illius
389 2355 567 2396 Jacob.“
624 2353 768 2394 Refert
799 2355 851 2394 de
881 2352 944 2394 his
976 2353 1055 2395 alia
1087 2355 1332 2411 Scriptura,
1372 2353 1551 2410 quod⁶)
1591 2359 1661 2397 Ja-

251 2433 334 2473 coh
363 2430 647 2487 supplantavit
675 2429 719 2470 in
749 2441 891 2470 ventre
920 2431 1092 2470 fratrem
1115 2448 1252 2480 suum,
1281 2443 1321 2472 et
1352 2430 1477 2487 hujus
1507 2432 1568 2472 rei
1596 2432 1661 2473 in-

251 2508 410 2550 dicium
438 2507 501 2557 sit,
532 2507 651 2563 quod
677 2523 826 2548 manus
850 2505 937 2563 ejus
967 2505 1149 2562 implexa
1178 2519 1266 2549 erat
1297 2510 1494 2550 calcaneo
1526 2509 1661 2550 fratris

366 2682 411 2736 ¹)
441 2681 564 2723 Jesai.
593 2681 751 2731 XXVI,
782 2681 846 2724 18.
963 2681 1009 2738 2)
1041 2681 1135 2724 Gal.
1165 2683 1215 2732 V,
1244 2684 1308 2726 22.
1342 2685 1409 2726 23.

361 2751 411 2805 3)
441 2751 551 2792 Edd.
581 2751 775 2793 Merlini:
805 2769 958 2795 sumus.
1075 2751 1121 2807 θ’)
1156 2751 1306 2794 Genes.
1336 2753 1475 2803 XXV,
1502 2753 1566 2795 24.

365 2820 413 2876 ⁵)
445 2820 596 2864 Genes.
624 2821 763 2873 XXV,
791 2823 858 2867 25.
888 2823 954 2868 26.
1073 2822 1120 2878 5)
1150 2822 1260 2866 Edd.
1289 2823 1481 2868 Merlini:
1512 2824 1619 2880 quia.
