1764 3096
571 113 620 144 m
651 99 851 142 GENEsm
878 97 1080 142 HommA
1108 98 1142 140 Ι.
1481 100 1564 146 117

141 232 270 269 genus
301 217 462 256 suum.“
516 212 585 266 „Et
623 213 675 253 de
706 212 769 253 his
798 209 1012 261 similiter,
1051 222 1098 251 ut
1128 211 1181 251 de
1209 208 1317 260 illis,
1353 224 1462 265 quae
1491 228 1562 254 su-

141 309 218 348 pra
250 292 449 340 diximus,
486 282 752 332 sentiendum
784 300 865 338 est,
907 289 1026 344 quod
1054 289 1298 343 producere
1331 287 1561 329 debeamus

143 371 267 411 etiam
297 380 410 409 cetos
437 381 627 417 magnos,
663 377 702 406 et
732 365 918 406 animam
947 366 1188 420 repentium
1220 365 1458 405 secundum
1491 379 1559 415 ge-

139 464 231 488 nus.
289 446 339 486 In
367 442 528 495 magnis
556 441 642 483 istis
675 441 773 483 cetis
803 441 955 498 impias
986 441 1274 493 cogitationes,
1305 451 1346 481 et
1373 440 1560 481 nefarios

141 537 331 577 quosque
361 531 508 561 contra
535 519 680 559 Deum
711 536 853 587 sensus
884 519 1069 560 arbitror
1097 517 1290 559 indicari.
1344 517 1468 571 Quae
1497 528 1560 557 ta·-

139 614 238 638 men
278 596 420 637 omnia
456 596 739 651 producenda
775 608 873 637 sunt
913 608 1009 637 ante
1050 607 1329 650 conspectum
1368 593 1476 643 Dei,
1519 605 1561 633 et

135 673 340 727 ponenda
371 683 466 712 ante
496 671 649 727 ipsum,
680 684 728 713 ut
757 674 1016 722 dividamus,
1048 683 1087 712 et
1114 688 1357 726 separemus
1386 671 1503 711 bona
1536 685 1559 710 a

136 749 271 797 malis,
300 760 348 789 ut
376 749 608 804 unicuique
637 765 736 792 suus
765 751 885 790 locus
919 766 941 790 a
972 748 1168 790 Domino
1199 749 1420 798 tribuatur,
1450 746 1558 788 sicut

136 842 184 866 ex
212 825 287 874 his,
320 842 427 881 quae
456 839 703 882 sequuntur,
736 826 984 868 ostenditur.

247 903 313 944 19.
353 904 435 952 „Et
452 903 495 958 ¹)
524 904 627 945 vidit
656 904 798 952 Deus,
838 903 937 958 quia
966 903 1084 944 bona
1113 914 1232 953 sunt,
1273 914 1314 943 et
1341 900 1561 942 benedixit

138 997 199 1031 ea,
230 981 397 1022 dicens:
438 980 609 1022 crescite
649 992 688 1022 et
729 979 1099 1035 multiplicamini,
1145 991 1185 1020 et
1225 980 1386 1035 replete
1416 994 1560 1034 aquas,

138 1073 245 1112 quae
272 1068 369 1098 sunt
408 1057 455 1097 in
484 1058 614 1108 mari,
662 1069 702 1099 et
738 1057 926 1098 volatilia
964 1059 1211 1113 repleantur
1248 1072 1377 1113 super
1412 1067 1558 1096 terras,

133 1134 191 1174 Et
219 1136 378 1175 sactum
410 1145 469 1175 est
497 1151 695 1190 vespere,
735 1146 774 1175 et
802 1150 949 1183 mane,
994 1134 1082 1176 dies
1113 1133 1299 1189 quinta.“
1370 1132 1420 1172 In
1449 1130 1559 1171 mari

137 1211 311 1266 quidem
342 1222 454 1252 cetos
484 1227 682 1263 magnos,
716 1223 757 1252 et
787 1225 962 1252 omnem
997 1212 1184 1253 animam
1216 1209 1489 1258 animalium,
1522 1218 1562 1248 et

134 1286 391 1343 repentium,
422 1303 532 1342 quae
559 1289 854 1343 produxerunt
884 1304 1041 1349 aquae,
1070 1288 1191 1344 jubet
1217 1285 1454 1334 immorari,
1482 1284 1559 1324 ubi

138 1374 180 1403 et
210 1364 338 1404 draeo
356 1362 403 1419 ².)
433 1364 527 1413 ille,
569 1379 694 1418 quem
724 1364 947 1419 plasmavit
976 1365 1094 1405 Deus
1123 1364 1179 1405 ad
1206 1363 1476 1404 illudendum
1507 1360 1559 1410 ei,

136 1439 355 1481 inhabitat.
422 1440 630 1482 Volucres
671 1451 813 1482 autem
848 1440 1123 1496 multiplicari
1160 1439 1280 1497 jubet
1317 1456 1446 1494 super
1472 1449 1556 1479 ter-

136 1533 251 1567 ram,
289 1532 398 1571 quae
435 1516 666 1570 aliquando
701 1518 818 1559 arida
846 1517 949 1567 fuit,
995 1533 1112 1558 nunc
1152 1528 1292 1557 autem
1330 1513 1417 1572 jam
1446 1527 1560 1556 terra

136 1594 398 1649 appellatur,
427 1592 534 1633 sicut
561 1592 752 1648 superius
783 1578 1066 1648 exposuimus,
1142 1593 1230 1635 Sed
1268 1592 1453 1647 requiret
1483 1591 1560 1632 ali-

136 1670 242 1726 quis,
273 1671 497 1726 quomodo
530 1669 609 1710 ceti
636 1670 789 1721 magni,
823 1681 863 1711 et
891 1669 1082 1726 repentia
1110 1667 1157 1710 in
1189 1669 1306 1711 malo
1339 1668 1558 1725 accipiun-

136 1759 230 1798 tur,
262 1758 303 1789 et
331 1746 519 1789 volatilia
546 1746 592 1787 in
622 1747 767 1797 bono,
799 1764 897 1788 cum
929 1749 983 1788 de
1012 1747 1211 1788 omnibus
1239 1746 1366 1788 simul
1396 1746 1556 1787 dictum

134 1824 268 1880 sit23)
306 1835 375 1875 „et
389 1824 435 1878 ⁴²)
465 1824 569 1865 vidit
610 1824 752 1875 Deus,
800 1824 898 1880 quia
925 1825 1043 1866 bona
1071 1822 1222 1866 sunt?“
1265 1823 1369 1878 Ipsis
1406 1822 1558 1864 sanctis

134 1903 252 1942 bona
281 1912 379 1943 sunt
409 1917 469 1950 ea,
500 1917 609 1956 quae
636 1901 719 1942 illis
749 1902 1041 1944 adversantur:
1073 1901 1171 1956 quia
1200 1900 1369 1940 vincere
1391 1915 1436 1940 ea
1457 1915 1559 1954 pos-

135 1989 246 2027 sunt,
276 1988 316 2018 et
346 1994 443 2018 cum
475 1993 522 2018 ea
548 1977 737 2027 vicerint,
772 1977 945 2035 majoris
976 1977 1135 2029 gloriae
1166 1976 1407 2018 efficiuntur
1440 1977 1558 2031 apud

137 2055 293 2095 Deum.
360 2053 561 2109 Denique
593 2071 689 2095 cum
721 2053 917 2095 diabolus
947 2051 1197 2108 petisset,⁵)
1236 2065 1282 2095 ut
1323 2053 1403 2094 sibi
1431 2064 1556 2108 pote-

136 2143 216 2174 stas
248 2132 418 2171 daretur
456 2131 676 2172 adversum
706 2130 817 2180 Job,
856 2130 1108 2186 impugnans
1148 2146 1245 2171 eum
1286 2129 1560 2180 adversarius,

139 2225 263 2250 causa
305 2207 341 2248 ei
383 2207 535 2248 exstitit
573 2207 754 2263 duplicis
790 2207 950 2260 gloriae
987 2219 1084 2263 post
1120 2206 1353 2249 victoriam.
1419 2206 1557 2261 Quod

139 2284 376 2327 ostenditur
405 2300 453 2325 ex
483 2299 558 2334 eo,
597 2285 718 2340 quia,
762 2301 871 2340 quae
898 2284 943 2326 in
974 2285 1186 2341 praesenti
1213 2284 1481 2340 perdiderat,
1508 2283 1555 2324 in

139 2361 321 2416 duplum
351 2360 572 2417 receperit,
600 2360 725 2403 simili
754 2363 888 2403 modo
925 2362 1017 2403 sine
1047 2361 1179 2403 dubio
1220 2374 1258 2403 et
1286 2360 1329 2401 in
1362 2359 1555 2401 coelesti-

138 2439 218 2479 bus
246 2449 501 2493 recepturus.
560 2437 615 2479 Et
644 2432 875 2494 Apostolus
906 2439 1021 2489 dicit,
1052 2440 1151 2494 quia
1179 2455 1332 2488 „nemo
1350 2437 1394 2492 ⁶)
1426 2453 1553 2478 coro-

139 2525 279 2564 natur,
307 2514 387 2557 nisi
417 2516 489 2570 qui
518 2515 703 2569 legitime
733 2516 989 2559 certaverit.“
1054 2516 1112 2557 Et
1153 2532 1297 2558 revera
1329 2515 1551 2570 quomodo

259 2631 304 2688 ¹)
336 2632 486 2675 Genes.
516 2633 548 2684 Ῑ,
575 2634 643 2678 21.
675 2636 743 2678 22.
770 2634 838 2678 23.
927 2633 973 2690 ²)
1003 2634 1157 2677 Psalm.
1183 2633 1292 2686 CIV,
1307 2633 1375 2677 26.
1390 2631 1551 2690 (CIII.)

258 2700 305 2756 ³)
334 2701 445 2744 Edd.
474 2703 670 2747 Merlini:
700 2715 780 2748 est:
812 2716 851 2745 et
879 2716 926 2746 ut
954 2704 1056 2746 vidit
1085 2716 1162 2746 etc.

260 2770 308 2824 ²²)
340 2770 490 2814 Gencs.
519 2772 552 2822 I,
578 2773 647 2815 21.
768 2774 812 2830 ⁵)
842 2774 943 2818 Job.
972 2774 1005 2826 Ι,
1030 2775 1068 2819 9.
1098 2789 1210 2831 seqq.

259 2839 306 2895 ⁶)
335 2840 375 2885 II
404 2840 515 2886 Tim.
544 2841 599 2894 11,
627 2843 665 2886 5.
