1764 3096
517 123 565 152 m
597 107 797 149 GEsEsm
825 105 1025 146 HommA
1048 105 1119 145 III.
1447 103 1531 149 159

111 229 190 269 bus
228 222 546 267 misericordiae
585 222 766 262 odorem
803 215 1012 260 suavitatis
1052 214 1248 270 requirit,
1287 214 1412 272 hujus
1448 216 1527 257 cir-

113 305 293 347 cumcisa
324 313 382 343 est
413 300 624 342 odoratio.
685 295 773 350 Qui
805 312 904 336 vcro
930 292 1078 349 primis
1107 291 1331 342 unguentis
1362 292 1529 333 delibu-

111 396 175 424 tus
204 379 372 427 incedit,
400 377 475 417 iste
503 372 822 415 incircumcisus
856 373 1040 412 odoratu
1078 370 1282 412 dicendus
1312 380 1383 411 cst.
1441 370 1527 410 Sed

112 473 153 500 ct
179 458 338 509 singula
368 468 561 508 quaeque
578 453 889 497 membrorum,
919 448 1011 490 siin
1045 447 1195 488 officiis
1223 448 1528 488 mandatorum

112 536 194 577 Dei
223 530 477 579 deserviant,
515 527 762 568 circumcisa
800 527 982 567 dicenda
1020 538 1127 567 sunt.
1194 524 1240 565 Si
1280 541 1380 565 vero
1416 525 1527 564 ultra

109 608 385 668 praescriptas
413 605 491 647 sibi
523 604 720 646 divinitus
749 603 962 644 luxuriant
985 604 1107 654 leges,
1135 601 1429 643 incircumcisa
1460 617 1527 642 re-

107 687 295 743 putanda
322 695 431 725 sunt.
498 682 554 723 Et
583 682 668 723 hoc
698 694 804 737 puto
845 696 952 729 esse,
991 681 1111 735 quod
1141 679 1377 735 Apostolus
1407 677 1528 719 dicit:

107 764 240 813 „sicut
259 762 301 815 ¹)
351 761 464 801 enim
525 757 765 800 exhibuistis
817 759 1011 798 membra
1063 767 1196 797 vestra
1250 755 1406 797 servire
1444 755 1526 795 ini-

106 840 252 895 quitati
294 841 346 880 ad
384 837 671 894 iniquitatem,
729 836 784 876 ita
821 852 938 876 nunc
982 835 1174 876 exhibete
1213 834 1407 874 membra
1456 847 1527 872 vc-

104 929 186 960 stra
213 917 369 959 servire
397 914 579 972 justitiae
608 917 652 956 in
681 914 1100 956 sanctificationem.“
1157 911 1269 952 Cum
1301 911 1413 952 enim
1444 909 1526 949 ini-

105 995 253 1050 quitati
282 994 482 1037 servirent
511 994 705 1033 membra
736 1004 882 1041 vestra,
910 1008 1001 1032 non
1022 1000 1141 1030 erant
1160 987 1418 1035 circumcisa,
1447 1003 1525 1027 nec

106 1086 192 1113 crat
222 1072 263 1113 in
295 1071 342 1113 iis
371 1083 666 1112 testamentum
694 1069 791 1111 Dei.
853 1069 964 1110 Cum
991 1084 1091 1108 vero
1125 1065 1344 1122 coeperint
1371 1064 1527 1106 servire

105 1150 285 1208 justitiae
314 1150 359 1191 in
387 1149 778 1198 sanctificationem,
807 1146 1050 1204 promissio,
1081 1162 1190 1200 quae
1220 1145 1276 1184 ad
1305 1142 1526 1183 Abraham

104 1231 211 1269 facta
244 1239 314 1277 est,
342 1227 546 1281 impletur
572 1227 617 1268 in
645 1226 707 1268 iis.
774 1226 900 1266 Tunc
937 1224 1051 1264 enim
1091 1224 1157 1263 lex
1195 1220 1303 1271 Dei,
1334 1231 1373 1260 et
1401 1230 1524 1260 testa-

106 1317 299 1345 mentum
332 1303 418 1361 ejus
447 1305 634 1355 signatur
661 1303 705 1344 in
736 1303 798 1345 iis.
867 1303 922 1342 Et
951 1303 1035 1342 hoc
1067 1311 1125 1341 est
1152 1314 1251 1339 vere
1276 1297 1443 1348 signum
1475 1295 1524 1335 sie

106 1383 187 1432 dei,
218 1382 336 1437 quod
365 1382 475 1423 inter·
491 1382 634 1422 Deum
659 1392 698 1421 et
726 1380 953 1420 hominem
980 1377 1138 1419 aeterni
1168 1375 1354 1417 foederis
1386 1372 1522 1414 conti-

105 1471 174 1500 net
200 1470 388 1515 pactum.
445 1460 526 1501 Ista
559 1471 618 1500 cst
647 1457 923 1505 circumcisio,
954 1472 1062 1512 quae
1089 1454 1263 1511 petrinis
1292 1451 1524 1492 machaeris

103 1554 182 1593 per
210 1538 357 1577 Jcsurn
375 1537 425 1591 ²)
450 1537 616 1592 populo
646 1535 731 1577 Dei
762 1538 858 1576 data
888 1546 958 1574 est.
1019 1532 1142 1586 Quae
1177 1543 1236 1572 est
1264 1542 1404 1570 autem
1432 1545 1524 1569 ma-

104 1615 255 1656 chaera
284 1615 472 1670 petrina,
512 1625 552 1653 et
590 1614 662 1668 qui
692 1612 876 1664 gladius,
918 1626 1004 1666 quo
1045 1608 1314 1650 circumcisus
1353 1619 1413 1648 est
1440 1621 1521 1660 po—

103 1693 228 1748 pulus
257 1690 371 1733 Dei?
439 1690 552 1731 Audi
591 1689 847 1744 Apostolum
889 1689 1124 1729 dicentem:
1165 1685 1370 1740 „wivus³)
1409 1683 1523 1724 enim

105 1781 164 1810 est
193 1768 277 1810 Dei
307 1785 447 1811 sermo
478 1779 516 1809 et
546 1769 706 1815 efficax,
736 1777 774 1807 ct
805 1766 971 1807 acutior
1002 1763 1122 1805 omni
1152 1763 1292 1816 gladio
1324 1761 1524 1816 utrinque

105 1859 257 1899 acuto,
289 1846 533 1903 peningcns
569 1861 704 1900 usque
745 1846 797 1885 ad
843 1843 1091 1885 divisionem
1128 1841 1296 1882 animae
1326 1856 1375 1880 ac
1402 1837 1524 1894 spiri-

105 1938 180 1975 tus,
210 1941 465 1980 compagum
505 1939 679 1980 quoque
718 1933 759 1963 et
798 1922 1110 1963 medullarum:
1151 1931 1191 1960 et
1231 1930 1289 1960 est
1319 1917 1524 1958 discretor

105 2001 406 2054 cogitationum
448 2012 488 2042 ct
525 1999 812 2041 intentionum
857 1998 1036 2039 cordis.“
1102 1997 1184 2038 Iste
1215 2011 1314 2047 ergo
1346 2005 1406 2034 cst
1437 1994 1523 2045 gla-

106 2080 212 2129 dius,
240 2096 328 2135 quo
360 2077 604 2119 circumcidi
633 2075 911 2132 jubemur,⁴)
948 2076 1002 2115 de
1031 2091 1117 2130 quo
1150 2072 1249 2115 dicit
1275 2076 1394 2114 Iesus
1424 2071 1519 2112 Do-

103 2156 265 2197 minus:
299 2157 476 2211 „non⁵)
519 2155 612 2196 veni
646 2171 795 2210 pnccm
836 2153 1002 2194 mittere
1032 2152 1076 2193 in
1105 2165 1285 2199 terram,
1330 2151 1406 2190 scd
1435 2149 1523 2200 ςΙ-ἰ131

104 2233 261 2275 dium.“
319 2234 418 2275 Non
457 2233 532 2274 tibi
570 2233 737 2274 videtur
774 2231 943 2284 dignior
972 2231 1076 2270 haec
1119 2245 1205 2269 esse
1245 2226 1521 2275 circumcisio,

102 2311 147 2353 in
176 2328 260 2368 qua
288 2322 583 2353 testamentum
602 2310 686 2352 Dei
718 2312 870 2354 debeat
899 2305 1133 2350 collocari?
1161 2306 1336 2355 Confer,
1366 2303 1399 2345 si
1428 2304 1521 2359 pla-

103 2402 178 2440 cet,
208 2390 310 2431 haee
338 2402 484 2432 nostra
515 2406 612 2430 cum
643 2388 784 2430 vestris
813 2385 1002 2428 Judaicis
1031 2383 1208 2434 fabulis,
1245 2395 1283 2424 et
1310 2379 1520 2422 narratio-

223 2592 266 2647 1)
294 2593 421 2635 ROm·
451 2595 526 2644 Vl,
556 2595 621 2639 19.
751 2592 797 2648 ²)
829 2591 915 2634 Cfr.
948 2591 1036 2632 Jos.
1068 2590 1119 2639 V,
1148 2590 1186 2630 ⁶2.
1218 2602 1333 2641 seqq.

220 2661 262 2716 ³)
295 2663 423 2705 Hebr.
455 2664 526 2715 lv,
560 2667 625 2707 12.
1281 2664 1286 2668 ·

221 2733 266 2788 ⁴)
296 2732 393 2775 Mss.
427 2733 699 2792 ‚,jubemur,“
736 2734 833 2776 libri
864 2733 963 2775 edili
994 2734 1052 2788 (v.
1088 2749 1119 2771 c.
1153 2731 1246 2772 edd.
1278 2727 1378 2779 Μ.)
1422 2726 1518 2773 „dea

102 2791 291 2831 bemus.‘·
322 2788 369 2830 R.

219 2860 264 2914 5)
294 2862 441 2903 matth.
476 2863 530 2911 x,
559 2860 628 2903 34.
