1764 3096
197 97 282 141 118
802 93 1026 136 Omcssms

198 211 277 253 erit
304 220 531 258 certamen,
559 206 591 249 si
621 223 712 249 non
745 207 881 258 fucrit,
912 207 984 263 qui
1016 203 1208 248 resistat?
1266 203 1461 258 Quantus
1494 205 1626 245 decor

197 300 238 330 et
264 287 470 344 splendor
508 286 561 328 sit
604 285 708 327 lucis
748 302 837 325 non
879 284 1221 336 dignosceretur,
1265 280 1344 322 nisi
1392 281 1625 323 obscuritas

200 364 483 407 intercederet
509 362 662 405 noctis.
730 362 859 402 Unde
889 360 1027 416 *aliqui
1071 360 1114 400 in
1159 358 1343 399 castitate
1382 360 1626 408 laudantur,

198 442 279 484 nisi
312 440 410 498 quia
439 440 510 482 alii
539 456 621 495 pro
652 438 920 494 impudicitia
958 433 1337 478 condemnantur?
1392 436 1520 477 Unde
1550 434 1626 475 viri

199 521 330 561 fortes
360 517 747 570 magnificarentur,
778 515 856 557 nisi
882 513 1364 562 existere-ntimbecilles,
1398 524 1437 553 et
1456 511 1626 553 timidi?

201 596 248 639 Si
280 611 473 638 amarum
504 595 720 643 adhibeas,
750 604 852 634 tunc
884 594 1008 635 dulce
1040 591 1223 632 eflicitur
1253 590 1522 632 laudabilius.
1582 588 1629 630 Si

204 686 344 715 atrum
391 671 743 721 consideraveris,
802 670 984 723 gratiora
1037 669 1136 719 tibi,
1200 684 1309 723 quae
1355 669 1468 708 clara
1519 678 1630 715 sunt,

204 750 474 792 videbuntur.
532 748 586 789 Et
616 760 663 788 ut
692 749 876 789 breviter
909 747 1071 797 dicant,
1113 763 1158 787 ex
1190 747 1403 786 malorum
1436 744 1632 785 conside-

205 829 373 869 ratione
417 827 546 867 decus
594 827 810 866 bonorum
860 825 1040 866 lucidius
1091 824 1314 865 indicatur.
1395 821 1632 876 Propterea

208 921 307 957 ergo
329 905 382 946 de
399 902 598 945 omnibus
620 903 703 943 hoc
721 902 821 944 dicit
838 901 1078 958 Scriptura:
1110 913 1174 950 „et
1194 901 1235 956 ¹)
1254 899 1355 940 vidit
1370 899 1502 946 Deus,
1534 898 1633 952 quia

204 983 322 1024 bona
352 986 491 1024 sunt.“
533 979 680 1034 Quare
694 991 838 1021 tamen
859 996 947 1020 non
974 980 1275 1034 estscriptum:
1309 990 1348 1019 et
1379 976 1631 1024 dixitDeus,

208 1060 305 1115 quia
334 1059 454 1099 bona
480 1058 594 1099 suns:
626 1058 701 1098 sed
730 1056 861 1110 „vidit
881 1057 1012 1106 Deus,
1044 1055 1142 1112 quia
1172 1058 1287 1097 bona
1311 1052 1463 1096 sunt?“
1494 1052 1543 1094 Id
1563 1064 1636 1102 est,

208 1136 314 1178 vidit
343 1135 565 1177 utilitatem
583 1133 789 1189 ipsorum,
822 1145 861 1174 et
883 1151 973 1174 earn
1000 1134 1222 1183 rationem,
1257 1149 1352 1188 qua,
1384 1147 1480 1171 cum
1502 1140 1637 1170 essent

208 1214 299 1271 ipsa
315 1229 393 1270 per
413 1228 458 1254 se
476 1213 587 1261 talia,
610 1212 752 1252 bonos
775 1222 919 1252 tamen
937 1212 1076 1251 facere
1095 1221 1275 1265 possunt
1296 1208 1492 1263 optimos.
1526 1206 1636 1246 Pro-

208 1303 356 1349 pterea
386 1305 486 1341 ergo
519 1287 642 1330 dixit:
672 1286 932 1342 ‚,crescite²)
964 1299 1004 1328 et
1026 1284 1387 1342 multiplicamini,
1418 1296 1458 1325 et
1477 1284 1639 1340 replete

211 1385 365 1425 aquas,
403 1383 513 1423 quae
542 1366 587 1407 in
626 1364 735 1406 mari
763 1376 880 1414 sunt,
920 1376 960 1405 et
998 1364 1187 1406 volatilia
1227 1363 1473 1420 repleantur
1510 1377 1641 1417 super

211 1457 363 1488 terras:
392 1445 439 1487 id
469 1455 541 1495 est,
569 1455 618 1485 ut
647 1442 726 1484 ceti
757 1441 930 1499 quidem
962 1441 1105 1494 magni
1146 1452 1186 1481 et
1223 1439 1415 1496 repentia
1453 1439 1500 1480 in
1529 1437 1640 1479 mari

213 1534 360 1572 essent,
390 1521 497 1563 sicut
525 1519 718 1576 superius
750 1520 1032 1576 exposuimus,
1064 1531 1104 1560 et.
1131 1518 1321 1560 volatilia
1341 1534 1470 1573 super
1498 1528 1641 1557 terras.

325 1602 393 1644 11.
432 1597 578 1650 ,‚Et3)
622 1596 727 1638 dixit
765 1597 906 1639 Deus:
945 1597 1161 1653 producat
1199 1608 1311 1637 terra
1352 1595 1539 1635 animam
1577 1592 1639 1633 vi-

212 1693 309 1717 vam
338 1676 575 1717 secundum
608 1689 761 1726 genus,
800 1674 1096 1731 quadrupedia
1128 1684 1167 1715 et
1196 1672 1388 1729 repentia
1422 1682 1461 1712 ct
1490 1669 1641 1711 bestias

213 1766 352 1795 terrae
379 1753 616 1795 secundum
646 1767 790 1804 genus.
838 1750 892 1791 Et
922 1752 1082 1791 sactum
1114 1762 1172 1791 est
1200 1750 1270 1790 sic.
1310 1749 1366 1789 Et
1394 1749 1493 1789 fecit
1522 1747 1641 1789 Deus

214 1830 366 1871 bestias
395 1840 531 1870 terrae
559 1829 795 1870 secundum
827 1843 979 1879 genus,
1021 1839 1061 1868 et
1101 1826 1247 1868 omnia
1286 1824 1476 1882 repentia
1505 1837 1644 1866 terrae

219 1907 455 1949 secundum
487 1919 628 1956 genus.
686 1904 741 1945 Et
777 1905 881 1947 vidit
910 1904 1051 1955 Deus,
1096 1903 1195 1960 quia
1223 1906 1341 1945 bona
1369 1907 1506 1944 sunt.“
1563 1901 1641 1943 Se-

219 1984 410 2025 cundum
449 1982 614 2023 literam
657 1982 832 2038 quidem
878 1983 997 2023 nulla
1038 1981 1228 2037 quaestio
1271 1991 1340 2022 est.
1415 1979 1646 2022 R'Ianifeste

220 2062 331 2102 enim
364 2077 388 2102 a
416 2061 516 2101 Deo
549 2071 689 2102 creata
720 2076 806 2102 esse
837 2060 1057 2110 dicuntur,
1089 2059 1155 2100 vel
1185 2058 1405 2108 animalia,
1443 2059 1508 2100 vel
1539 2074 1645 2114 qua-

221 2137 445 2194 drupedia,
477 2138 543 2178 vel
572 2138 744 2187 bestiae,
773 2139 839 2178 vel
867 2149 1082 2193 serpentes
1111 2153 1239 2193 super
1266 2147 1434 2177 terram.
1482 2137 1645 2190 Aptare

221 2227 362 2256 autem
396 2214 501 2255 haec
531 2214 607 2264 his,
639 2230 748 2270 quae
776 2231 904 2270 supra
935 2215 1221 2270 exposuimus,
1257 2214 1492 2256 secundum
1522 2211 1646 2267 spiri·

220 2292 378 2334 tualem
400 2282 693 2340 intellectum,
731 2308 823 2333 non
862 2292 1000 2334 otiosa
1038 2307 1103 2334 res
1141 2303 1210 2333 est.
1275 2291 1341 2331 Ibi
1372 2289 1546 2346 quidem
1579 2289 1644 2330 di-

225 2381 340 2412 ctum
374 2380 455 2411 est:
485 2367 816 2424 ‚,pro‹lucant‘²)
854 2384 990 2424 aquae
1030 2370 1220 2425 repentia
1260 2368 1499 2409 animarum
1531 2366 1645 2408 viva-

221 2463 345 2496 rum,
375 2457 415 2487 et
442 2445 630 2487 volatilia
658 2446 845 2487 volantia
881 2460 1010 2501 super
1046 2457 1202 2488 terram
1233 2446 1470 2487 secundum
1501 2444 1648 2485 firma-

225 2535 418 2565 mentum
451 2521 609 2563 coeli:“
647 2521 715 2563 hic
757 2534 898 2564 autem
943 2523 1022 2564 ait:
1061 2522 1363 2578 „producat⁵)
1402 2534 1513 2563 terra
1553 2523 1646 2564 ani-

226 2603 341 2651 mam
374 2600 512 2641 vivam
539 2600 777 2640 secundum
806 2615 957 2652 genus,
991 2600 1288 2656 quadrupedia
1318 2613 1358 2641 et
1387 2599 1577 2656 repentia
1609 2611 1648 2640 et

227 2677 380 2720 bestias
410 2689 549 2719 terrae
577 2677 814 2722 secundum
837 2683 1006 2729 genus.“
1060 2677 1117 2720 Et
1136 2677 1208 2720 illa
1238 2677 1427 2735 quidem,
1456 2693 1564 2734 quae
1594 2677 1648 2718 de

347 2802 391 2854 Ι)
422 2801 574 2844 Genes.
603 2802 635 2853 I,
663 2805 731 2848 21.
849 2803 897 2860 ²)
929 2803 1082 2846 Genes.
1111 2804 1144 2855 I,
1171 2806 1240 2848 22.

344 2871 391 2926 ³)
425 2871 577 2915 Genes.
607 2872 641 2924 I,
669 2874 737 2916 24.
767 2875 834 2918 25.
952 2874 999 2931 ⁴)
1030 2874 1181 2918 Geues.
1212 2876 1246 2926 I,
1273 2875 1342 2919 20.

346 2941 394 2996 ⁵)
427 2940 577 2985 Genes.
610 2942 641 2993 I,
670 2944 739 2987 24.
