1764 3096
570 89 617 122 m
637 77 840 135 Gnusssm
863 76 1067 121 HommA
1087 78 1160 121 lv.
1494 80 1576 125 167

153 193 487 237 proficiscuntur
520 188 717 246 hospites.
792 189 1103 244 „Abral1am¹)
1139 200 1280 231 autem
1321 191 1573 244 deducebat,

151 270 302 327 inquit,
331 286 417 319 eos,
444 279 486 310 et
514 267 759 309 ambulabat
788 282 885 308 cum
914 266 975 309 iis.
1027 266 1242 309 Dominus
1273 278 1415 309 autem
1445 268 1571 310 dixit:

150 365 242 390 non
271 347 418 388 celabo
457 345 676 386 Abraham
715 360 899 399 puerum
929 360 1097 394 meum,
1142 344 1256 400 quid
1287 361 1363 397 ego
1404 344 1566 386 faciam.

151 421 366 468 Abraham
404 433 546 463 autem
586 422 661 462 fiet
698 421 743 462 in
788 431 954 474 gentem
993 438 1190 475 magnam
1221 433 1263 463 et
1290 422 1494 472 multam,
1526 434 1566 463 et

148 501 452 547 benedicentur
489 498 535 541 in
574 498 668 555 ipso
715 514 864 540 omnes
905 510 1045 553 gentes
1087 511 1237 542 terrae.
1306 498 1408 542 Scio
1440 498 1568 549 enim,

148 579 247 634 quia
282 576 644 636 praecipietkfiliis
685 575 792 626 suis,
833 588 873 617 et
903 578 1132 618 servabunt
1160 576 1244 619 vias
1273 574 1475 625 Domini,
1520 589 1569 618 ut

142 654 298 696 faciant
326 653 525 711 justitiam
558 665 598 696 et
627 652 857 711 judicium,
901 666 946 695 ut
972 653 1151 710 impleat
1181 653 1397 696 Dominus
1426 654 1565 695 Abra-

142 733 285 783 hamo,
317 748 425 788 quae
453 731 653 773 indicavit
691 732 740 773 ei.
809 732 868 774 Et
907 731 1029 773 dixit:
1075 732 1239 773 clamor
1268 732 1566 779 Sodomorum

141 821 183 851 et
213 803 615 852 Gomo'rrhaeorum
643 810 829 866 repletus
858 821 934 859 est,
965 821 1004 852 et
1033 821 1204 866 peccata
1231 825 1381 850 eorum
1412 825 1563 862 magna

139 887 275 928 valde.
332 885 548 928 Descendi
580 903 704 940 ergo,
743 897 791 927 ut
820 886 1032 938 viderem,
1070 887 1104 930 si
1133 888 1370 929 secundum
1400 887 1562 927 clamo-—

140 980 229 1005 rem
259 980 424 1015 eorum,
456 964 529 1020 qui
556 963 670 1006 venit
694 965 748 1005 ad
777 981 861 1015 me,
892 976 1256 1008 consummentur.
1300 963 1379 1006 Sin
1404 975 1561 1013 autem,

138 1053 186 1082 ut
213 1041 383 1083 sciam.“
454 1042 570 1083 Haec
609 1040 842 1098 scripturae
883 1041 1049 1084 divinae
1077 1054 1176 1085 sunt
1205 1042 1346 1083 verba.
1402 1041 1559 1082 Videa-

136 1135 231 1159 mus
261 1135 361 1171 ergo
391 1136 530 1170 nunc,
581 1119 686 1179 quid
724 1118 902 1174 intelligi
940 1119 984 1160 in
1015 1119 1079 1161 his
1113 1119 1287 1171 dignum
1319 1118 1383 1160 sit.
1441 1118 1560 1169 „De—

136 1196 355 1251 scendi,2)
391 1195 544 1252 inquit,
587 1208 634 1238 ut
663 1197 869 1239 videam.“
935 1197 1125 1252 Quando
1157 1197 1211 1237 ad
1242 1197 1459 1238 Abraham
1489 1212 1556 1237 re—

135 1290 292 1329 sponsa
323 1274 587 1323 deferuntur,
614 1289 706 1314 non
737 1273 892 1315 dicitur
920 1275 1040 1316 Deus
1072 1276 1348 1325 descendere,
1383 1275 1457 1316 sed
1487 1291 1556 1315 su-

136 1367 215 1405 pra
251 1349 391 1406 ipsum
430 1350 619 1400 adstare,
671 1350 779 1392 sicut
815 1368 944 1408 supra
986 1351 1270 1408 exposuimus,
1348 1350 1558 1401 „Adstite-

136 1427 308 1482 runt,³)
338 1427 489 1483 inquit,
519 1440 601 1469 tres
629 1427 706 1469 viri
735 1446 866 1484 super
896 1434 1036 1471 eum.“
1091 1430 1218 1471 Nunc
1247 1440 1412 1479 autem,
1453 1426 1552 1484 quia

133 1516 409 1560 peccatorum
439 1520 563 1545 causa
593 1505 752 1558 agitur,
793 1507 1051 1548 descendere
1088 1506 1245 1548 dicitur
1281 1506 1413 1546 Deus.
1480 1504 1556 1544 Vi—

133 1581 261 1637 de,⁴)
296 1597 352 1622 ne
382 1580 700 1622 adscensionem
741 1593 783 1622 et
818 1582 1137 1624 descensionem
1176 1582 1358 1623 localem
1388 1579 1554 1623 sentias.

131 1661 399 1716 Frequenter
428 1657 542 1700 enim
572 1658 657 1699 hoc
686 1658 730 1699 in
761 1658 913 1700 divinis
943 1659 1074 1700 literis
1103 1658 1329 1710 invenitur,
1373 1658 1483 1700 sicut
1510 1657 1555 1699 in

131 1737 275 1779 Micha
312 1738 545 1793 propheta:
588 1735 796 1791 „ecce,⁵)
836 1735 999 1793 inquit,
1038 1734 1255 1778 Dominus
1298 1736 1462 1792 exietf’)
1502 1736 1556 1777 de

131 1815 230 1856 loco
260 1825 407 1856 sancto
437 1830 538 1863 suo,
580 1825 621 1855 et
659 1815 907 1864 descendet,
946 1826 988 1856 et
1023 1813 1192 1856 incedet
1236 1830 1366 1869 super
1395 1813 1556 1854 excelsa

130 1896 305 1933 terrae.“
347 1891 622 1932 Descendere
640 1907 738 1944 ergo
772 1890 927 1932 dicitur
942 1893 1078 1942 Deus,
1102 1892 1274 1947 quando
1297 1905 1444 1930 curam
1472 1889 1554 1929 hu-

131 1984 282 2008 manae
312 1967 544 2020 fragilitatis
587 1968 745 2008 habere
783 1968 992 2021 dignatur.
1065 1968 1201 2023 Quod
1237 1965 1461 2023 specialius
1498 1967 1552 2006 de

130 2043 324 2085 Domino
363 2061 412 2085 ac
442 2044 662 2086 salvatore
690 2056 841 2085 nostro
871 2044 1138 2086 sentiendum
1170 2056 1244 2094 est,
1273 2042 1405 2100 qui⁷)
1435 2059 1552 2093 „non

131 2121 322 2176 rapinam
351 2120 576 2162 arbitratus
616 2133 677 2162 est
715 2137 801 2163 esse
841 2139 885 2163 se
915 2123 1134 2178 aequalem
1164 2122 1286 2170 Deo,
1316 2122 1391 2162 sed
1418 2131 1551 2162 semet

128 2198 267 2254 ipsum
299 2198 537 2250 exinanivit,
567 2200 751 2241 formam
781 2200 887 2241 servi
916 2200 1139 2256 accipiens,
1168 2198 1275 2254 in3)
1306 2197 1549 2241 similitudi-

245 2346 289 2398 ι)
320 2344 407 2387 Cfr.
439 2343 593 2386 Genes.
622 2345 783 2396 XVIII,
811 2345 1009 2391 16—21.

243 2417 290 2471 2)
322 2416 480 2460 Genes.
509 2415 669 2466 XVIII,
697 2418 766 2459 21.
888 2416 935 2470 ³)
965 2416 1117 2458 Genes.
1149 2415 1310 2466 XVIII,
1337 2419 1376 2458 2.

243 2483 291 2541 ⁴)
317 2486 430 2527 Edd.
461 2484 658 2528 Merlini:
686 2486 817 2528 Unde
847 2503 902 2528 ne
928 2498 1006 2529 etc.

245 2555 291 2612 ⁵)
319 2555 452 2598 Mich,
482 2558 514 2607 I,
543 2558 583 2600 3.

181 2681 219 2724 d.
243 2625 292 2680 ⁶)
322 2626 432 2669 Edd.
462 2626 662 2670 Merlini:
703 2627 800 2671 exiit
827 2653 880 2662 -—
912 2645 1014 2680 suo,
1053 2640 1094 2671 et
1124 2626 1367 2676 descendit,
1410 2636 1450 2666 et
1478 2623 1546 2691 in-¹

129 2698 176 2724 ce
209 2693 242 2723 it
270 2694 347 2723 cte.

244 2751 291 2807 ⁷)
320 2752 502 2809 Philipp.
533 2754 588 2805 II,
615 2756 654 2796 7,

246 2823 295 2878 8)
323 2821 587 2875 Ὓεὼᾶ;«,,ἰη
616 2822 936 2870 similitudinem
966 2824 1191 2869 hominum
1221 2826 1393 2877 sactus‚“
1433 2822 1542 2867 desi-
