1764 3096
446 128 493 158 m
525 114 723 157 GENEsm
755 114 956 157 HommA
983 111 1122 156 XVII.
1410 112 1493 156 297

76 228 210 278 liberi,
241 244 295 269 ne
325 229 436 269 sorte
468 227 631 269 dicatur
662 226 732 268 iis:
761 226 920 282 ,‚qui¹)
961 226 1062 267 alios
1094 227 1245 275 doces,
1285 236 1325 265 tc
1354 215 1495 280 ipsum

76 322 168 347 non
200 306 368 346 doces.“
414 303 574 345 Verum
605 302 808 358 quonlam
842 303 979 346 divina
999 301 1204 358 scriptura
1233 319 1323 343 non
1355 303 1493 342 solum

75 393 437 423 sacramentorum
477 382 603 422 debet
641 379 857 421 scientiam
903 379 1141 428 continere,
1186 395 1330 420 verum
1372 378 1496 420 etiam

75 473 215 500 mores
245 469 441 513 gestaque
470 457 703 498 informare
734 456 1004 498 discentium:
1033 457 1091 498 sic
1125 456 1234 497 enim
1258 469 1297 497 et
1317 455 1496 511 Sapien-

74 533 131 575 tia
161 550 240 590 per
269 534 550 576 Salomonem
581 532 701 574 dicit:
744 534 963 582 „describe
979 533 1025 589 ²)
1072 535 1176 575 haec
1206 532 1283 575 tibi
1315 532 1496 588 duplici-

74 623 138 652 ter
169 623 209 652 et
237 612 455 668 tripliciter
483 611 528 659 in
559 611 689 652 corde
716 613 843 651 tu0:“

873 621 911 650 et
943 627 1050 660 arca,
1080 627 1187 667 quae
1218 610 1495 651 construeba-

73 701 143 730 tur
181 706 204 730 a
242 690 450 738 Noacho,
490 689 745 729 bicamerata
792 698 829 726 et
875 686 1139 728 tricamerata
1178 687 1271 728 fieri
1310 686 1495 743 jubetur,

75 782 283 807 conemur
314 778 352 806 et
380 782 472 816 nos,
501 778 777 821 posteaquam
821 762 1045 819 dupliciter
1074 764 1162 813 ista,
1192 775 1323 820 prout
1352 762 1496 819 potui·

72 859 167 883 mus
196 842 374 893 sentire,
406 840 724 897 descripsimus,
754 840 799 881 id
831 852 911 890 est,
940 841 1175 881 secundum
1208 839 1425 880 historiam
1458 851 1496 880 et

74 921 308 961 secundum
339 919 560 979 mysticum
592 919 879 967 intellectum,
908 934 1048 967 nune,
1078 916 1122 958 in
1155 929 1359 973 quantum
1391 918 1497 958 reci-
1555 935 1561 941 ’

73 1012 176 1052 pere
204 998 323 1039 locus
353 1008 503 1053 potest,
537 995 658 1037 etiam
691 997 900 1037 moralem
929 994 974 1036 in
1007 1011 1058 1036 eo
1091 994 1299 1036 discutere
1331 1011 1497 1036 sermo-

72 1090 195 1115 nem:
229 1086 271 1115 ut
301 1074 619 1129 Scripturarum
649 1073 850 1122 studiosi,
886 1088 976 1113 non
1007 1073 1146 1113 solum
1179 1071 1281 1128 quid
1311 1072 1353 1114 in
1394 1071 1497 1121 aliis,

73 1152 138 1192 vel
168 1152 220 1192 ab
252 1150 341 1192 aliis
373 1163 531 1204 gestum
561 1151 638 1199 sit,
666 1150 737 1192 sed
772 1149 896 1190 etiam
926 1149 1028 1205 ipsi,
1067 1149 1176 1190 intra
1213 1166 1256 1191 se
1293 1149 1395 1204 quid
1426 1166 1496 1201 ge-

72 1244 166 1269 rere
197 1230 400 1278 debeant,
443 1229 690 1269 doceantur.
756 1227 891 1267 Judas
931 1225 1140 1267 consessio
1185 1226 1519 1284 interpretatur.⁵

75 1303 163 1357 Qui
204 1320 301 1357 ergo
344 1306 408 1345 vel
447 1316 621 1360 peecata
659 1320 733 1345 sua
777 1305 990 1345 confessus
1028 1303 1333 1360 poenitentiam
1379 1303 1494 1354 gerit,

74 1382 138 1421 vel
169 1380 383 1423 Christum
421 1382 466 1424 in
504 1381 800 1439 perseeutione
843 1397 986 1422 coram
1029 1381 1276 1423 hominibus
1318 1383 1494 1423 confite-

72 1469 164 1507 tur,
212 1459 482 1501 collaudatur
524 1476 547 1500 a
590 1458 790 1500 fratribus
830 1458 926 1499 suis.
996 1458 1259 1509 „Laetitia³)
1306 1459 1418 1501 enim
1459 1472 1498 1501 ct

73 1534 270 1586 gaudium
305 1547 362 1577 est
393 1535 547 1588 angelis
580 1536 624 1577 in
656 1537 777 1577 coelo
809 1534 996 1592 super4)
1023 1553 1111 1577 uno
1134 1548 1359 1592 peccatore
1388 1554 1494 1593 poe-

73 1612 293 1653 nitentiam
326 1619 511 1664 agente.“
569 1614 637 1655 Ab
669 1613 766 1669 ipsis
797 1628 895 1665 ergo
927 1625 1128 1668 tanquam
1160 1630 1183 1654 a
1213 1615 1411 1655 fratribus
1443 1639 1496 1647 —

73 1689 199 1731 unius
232 1690 385 1730 etenim
419 1702 459 1731 et
499 1689 696 1732 creatoris
740 1702 778 1731 et
815 1689 943 1746 patris
982 1689 1060 1730 filii
1098 1701 1194 1730 sunt
1232 1703 1271 1732 et
1302 1692 1496 1734 homines

76 1778 116 1808 et
147 1767 282 1819 angeli
314 1792 365 1798 -
399 1768 710 1809 collaudantur.
769 1767 928 1808 Verum
960 1768 1006 1818 is,
1039 1766 1111 1822 qui
1145 1769 1372 1810 confitetur
1400 1770 1496 1810 Do-

75 1844 240 1886 minum
269 1847 438 1895 Jesum,
484 1844 583 1900 quia
612 1846 657 1886 in
688 1844 850 1900 Spiritu
880 1857 1026 1886 saneto
1060 1846 1306 1896 confitetur,
1347 1864 1496 1889 manus

75 1920 163 1978 ejus
203 1938 331 1977 super
379 1923 554 1963 dorsum
604 1921 879 1963 inimicorum
921 1921 1173 1965 efficiuntur.
1249 1922 1336 1977 Qui
1383 1925 1496 1965 enim

77 2009 173 2038 ante
204 1998 451 2039 exhibuerat
480 1999 675 2039 membra
711 2015 786 2040 sua
822 1999 974 2039 servire
1014 1998 1224 2054 iniquitati
1261 2002 1313 2042 ad
1343 2001 1498 2056 iniqui-

75 2087 226 2124 tatem,
272 2091 386 2115 nunc
418 2091 464 2115 ea
498 2074 697 2116 exhibens
734 2074 888 2115 servire
917 2073 1096 2129 justitiae
1126 2077 1169 2118 in
1198 2078 1498 2120 sanctificatio-

75 2169 189 2202 nem,
220 2149 306 2208 jam
336 2151 587 2203 fugientium
626 2168 670 2194 se
697 2151 971 2193 inimicorum
1000 2172 1189 2203 suorum,
1220 2155 1263 2196 id
1296 2168 1364 2206 est,
1398 2158 1496 2198 dae-

77 2246 286 2278 monum,
326 2241 437 2282 terga
476 2240 594 2269 vexat
635 2240 676 2270 et
714 2231 859 2271 caedit.
939 2231 1009 2273 Sic
1056 2231 1166 2272 enim
1209 2246 1368 2288 pugnat
1408 2252 1497 2276 non

78 2307 198 2362 quasi
228 2306 372 2349 alirem
404 2307 603 2356 caedens,
648 2308 721 2348 sed
763 2308 993 2350 daemones
1033 2311 1200 2361 fugans:
1241 2312 1398 2366 quique
1441 2316 1496 2355 ob

78 2381 232 2425 nimios
263 2385 477 2438 profectus
507 2385 619 2425 velut
649 2383 731 2425 Dei
762 2382 845 2441 jam
877 2385 920 2426 in
951 2402 992 2427 se
1022 2387 1292 2443 participium
1325 2390 1499 2440 habens,

82 2458 204 2500 etiam
238 2460 408 2503 adorari
442 2460 594 2503 dicitur
626 2478 646 2502 a
680 2461 773 2503 filiis
804 2463 931 2517 patris
962 2463 1037 2505 sui.
1106 2464 1238 2507 Filios
1277 2467 1404 2521 patris
1433 2467 1498 2510 sui

202 2661 244 2716 ¹)
275 2661 398 2704 Rom.
431 2663 483 2714 ll,
512 2665 578 2707 21.
700 2665 744 2720 ²)
777 2665 900 2706 Prov.
933 2667 1072 2716 XXH,
1102 2670 1166 2711 20.

197 2729 244 2785 ³)
277 2731 375 2773 Luc.
407 2733 503 2784 XV,
534 2737 600 2777 10.

104 2855 112 2864 ι
202 2799 245 2852 ⁴)
275 2800 386 2843 Edd.
417 2804 609 2848 Mei-lini:
642 2824 768 2864 super
808 2823 939 2848 unum
974 2820 1239 2862 peecatorem
1276 2811 1498 2867 poeniten-

84 2868 184 2898 tiam
217 2870 418 2915 agesszm.
