1764 3096
498 86 545 117 m
576 73 778 116 Gmmsm
806 70 1007 114 HOMILIA
1026 72 1081 114 X.
1411 74 1495 118 223

82 190 268 240 inaures,
309 201 409 245 quas
446 185 688 240 imponeret
725 183 837 225 filiae
866 181 993 226 suae?
1051 183 1189 225 Tanta
1228 183 1314 240 ejus
1334 184 1377 238 ι)
1416 202 1492 226 ne-

83 266 277 319 gligentia
306 273 406 310 erat,
437 271 509 302 aut
540 259 722 308 avaritia,
751 271 798 301 ut
826 260 938 301 filiae
955 271 1204 302 ornamenta
1224 277 1315 301 non
1346 261 1494 302 daret?

84 344 170 385 Sed
200 341 391 381 Rebecca
422 353 514 378 non
543 338 632 378 vult
661 338 714 378 de
754 353 859 377 auro
902 336 1119 378 Bathuelis
1162 337 1318 379 ornari.
1392 338 1494 378 Non

81 429 178 461 sunt
207 416 244 457 ei
276 413 485 466 condigna
517 425 767 455 ornamenta
797 413 981 455 hominis
1015 413 1188 455 barbari
1227 425 1266 454 et
1295 414 1494 469 imperiti.

82 495 150 534 De
179 494 313 535 domo
343 490 578 531 Abrahami
616 489 792 546 requirit
828 490 1027 540 monilia,
1070 490 1169 546 quia
1208 491 1409 547 patientia
1443 492 1496 532 de

82 571 212 611 domo
245 567 444 623 sapientis
474 578 661 608 ornatur.
718 567 819 607 Non
849 578 1082 622 potuerunt
1120 583 1217 619 ergo
1259 584 1379 609 aures
1410 569 1493 609 Re-

82 647 234 686 beccae
264 646 454 700 recipere
485 645 685 685 decorem
714 660 836 684 suum
856 673 866 691 ,
912 642 991 684 nisi
1030 643 1192 684 veniret
1219 661 1327 700 puer
1358 647 1492 686 Abra-

80 721 216 772 hami,
262 732 301 763 et
327 721 418 777 ipse
457 736 522 762 eas
554 730 736 761 ornaret.
804 721 892 760 Nec
934 735 1083 761 manus
1122 718 1210 774 ejus
1249 734 1496 763 ornamenta

81 797 324 853 suscipiunt,
351 796 434 838 nisi
463 813 570 853 quae
609 796 769 838 miserit
796 796 923 838 Isaac.
990 796 1095 837 Vult
1135 796 1245 838 enim
1286 814 1412 840 aurea
1451 799 1494 839 in

82 875 251 915 auribus
281 874 495 930 suscipere
524 875 675 924 verba,
720 885 759 914 et
788 889 939 915 aureos
970 884 1085 914 actus
1115 873 1159 914 in
1190 874 1389 915 manibus
1420 876 1493 915 ha-

80 953 193 993 here.
252 951 339 993 Sed
368 949 471 991 haec
500 951 616 1007 prius
646 950 837 1006 accipere
879 967 969 992 non
1001 950 1162 1006 potuit,
1204 967 1283 991 nec
1329 953 1497 1002 mereri,

79 1028 159 1070 nisi
190 1030 364 1069 venisset
393 1028 447 1068 ad
476 1040 629 1084 puteos
659 1028 829 1068 haurire
859 1044 999 1084 aquas.
1075 1026 1166 1077 Tu,
1205 1027 1276 1082 qui
1314 1045 1402 1068 non
1437 1030 1495 1070 vis

80 1106 221 1147 venire
250 1108 303 1147 ad
335 1121 486 1160 aquas,
532 1105 604 1160 qui
634 1122 726 1146 non
755 1104 814 1145 vis
843 1105 888 1145 in
918 1103 1090 1145 auribus
1119 1103 1198 1145 tuis
1238 1121 1363 1146 aurea
1393 1122 1495 1161 pro-

79 1183 306 1237 phetarum
337 1183 463 1223 verba
491 1182 727 1238 suscipere,
769 1182 991 1236 quomodo
1022 1182 1182 1236 poteris
1207 1194 1378 1223 ornatus
1410 1200 1495 1224 csse

79 1257 123 1298 in
149 1259 358 1308 doctrina,
389 1269 561 1299 ornatus
590 1258 633 1299 in
665 1257 845 1307 actibus,
876 1270 1048 1299 ornatus
1078 1258 1123 1300 in
1153 1258 1376 1300 moribus?

193 1335 232 1375 5.
263 1334 350 1375 Sed
379 1346 425 1375 ut
456 1336 698 1376 omittamus
726 1333 934 1390 plurima,
962 1350 1103 1389 neque
1134 1335 1246 1376 enim
1278 1353 1495 1377 commem

80 1411 198 1452 tandi
226 1428 343 1454 nunc
373 1423 539 1468 tempus
570 1423 638 1462 est,
668 1412 741 1453 sed
772 1411 1026 1453 aedificandi
1057 1411 1274 1453 ecclesiam
1306 1412 1411 1463 Dei,
1457 1425 1497 1453 et

80 1486 285 1543 pigriores
317 1503 365 1529 ac
396 1487 556 1530 desides
588 1489 802 1529 auditores
833 1488 1032 1543 exemplis
1059 1499 1302 1529 sanctorum
1336 1501 1376 1529 ct
1405 1505 1496 1546 my-

81 1563 187 1605 sticis
218 1564 582 1619 explanationibus
611 1559 896 1620 provocandi:
927 1575 1068 1605 secuta
1089 1580 1271 1620 puerum
1289 1565 1496 1615 Rebecca,

82 1640 192 1681 venit
221 1642 274 1682 ad
306 1641 430 1683 Isaac.
493 1641 646 1682 Secuta
677 1641 789 1682 enim
818 1657 1061 1682 sermonem
1099 1641 1398 1697 propheticum
1430 1658 1497 1682 cc-

83 1716 205 1757 clesia
233 1716 347 1756 venit
375 1717 429 1757 ad
461 1715 686 1758 Christum.
753 1717 808 1758 Et
847 1717 923 1758 ubi
965 1734 1062 1759 eum
1091 1717 1282 1760 invenit?
1341 1720 1497 1771 ‚‚A‹l²)

81 1805 270 1850 puteum,
298 1793 448 1848 inquit,
475 1791 704 1852 juramenti
734 1795 1122 1836 deambulantem.“
1180 1798 1396 1855 Nusquam
1429 1813 1494 1836 rc-

82 1870 244 1911 ceditur
272 1887 295 1911 a
324 1869 472 1926 puteis,
501 1887 723 1927 nunquam
761 1873 973 1914 desistitur
1012 1873 1064 1913 ab
1107 1872 1237 1927 aquis.
1305 1873 1498 1914 Rebecca

80 1945 292 1987 invenitur
321 1947 375 1986 ad
404 1958 595 2001 puteum.
643 1948 826 1990 Rursum
857 1950 1052 1990 Rebecca
1081 1950 1134 1988 ad
1168 1961 1346 2004 puteum
1376 1951 1493 1990 inve-

81 2022 145 2063 nit
172 2022 297 2063 Isaac.
367 2022 432 2062 Ibi
479 2023 639 2078 primos
679 2023 766 2080 ejus
805 2025 1120 2080 contemplatur
1150 2027 1387 2082 adspectus,
1435 2027 1496 2069 ibi

82 2098 218 2140 desilit
248 2099 300 2139 de
341 2098 529 2149 camelis,
566 2100 627 2141 ibi
666 2117 688 2141 a
727 2117 864 2156 puero
910 2101 990 2143 sibi
1031 2103 1364 2143 demonstratum
1395 2104 1497 2144 vidit

82 2175 208 2216 Isaac.
265 2175 383 2216 Haec
410 2187 531 2230 putas
560 2177 650 2218 sola
680 2177 826 2218 referri
866 2180 920 2219 de
959 2179 1130 2234 puteis?
1190 2179 1244 2219 Et
1271 2180 1408 2220 Jacob
1441 2183 1495 2222 ad

82 2263 255 2307 puteum
286 2253 466 2307 venit,³)
498 2266 537 2294 et
566 2254 626 2295 ibi
656 2253 814 2296 invenit
844 2255 1021 2306 Rachel,
1051 2267 1090 2296 et
1116 2255 1177 2296 ibi
1205 2256 1428 2298 innotescit
1458 2259 1495 2300 ci

14 2311 19 2379 ζ
65 2327 240 2381 >Rachel
274 2331 390 2371 bona
423 2330 576 2381 oculis,
615 2342 654 2372 et
683 2332 839 2372 decora
871 2334 1082 2388 adspectu.
1165 2333 1250 2374 Sed
1283 2346 1322 2374 et
1352 2335 1493 2375 Moses

85 2406 136 2445 ad
165 2417 339 2461 puteum
370 2404 526 2448 invenit
541 2406 585 2463 4)
615 2406 869 2463 Sephoram,
896 2408 1026 2452 filiam
1058 2409 1231 2462 Raguel.
1289 2412 1493 2452 Nondum

16 2506 22 2514 ·
83 2483 285 2534 moveris,
322 2495 369 2524 ut
399 2484 502 2525 haec
531 2484 739 2538 intelligas
764 2486 1036 2542 spiritualiter
1078 2487 1191 2530 dici?
1251 2491 1335 2530 Aut
1373 2501 1493 2545 putas

201 2663 243 2716 ¹)
275 2663 385 2706 Edd.
416 2665 610 2708 Merlini:
643 2666 730 2724 ejus
761 2681 831 2711 aut
858 2671 1108 2724 negligentia
1139 2681 1226 2712 erat
1256 2682 1331 2712 etc,

197 2731 243 2786 ²)
277 2732 361 2774 Cfr.
394 2733 544 2777 Genes.
576 2735 737 2789 XXIV,
766 2739 834 2783 62.
862 2741 928 2783 63.

199 2801 246 2857 ³)
278 2802 363 2846 Cfr.
397 2802 547 2849 Genes.
577 2805 740 2850 XXIX.
859 2809 906 2865 4)
940 2809 1026 2853 Cfr.
1056 2809 1193 2853 Exod.
1224 2810 1274 2853 ll.
