1764 3096
21 2789 34 2890 ἶ

29 3011 40 3068 ,ἧι

30 3070 41 3096 Σ

490 162 537 192 m
567 148 766 191 Gssmzsm
804 147 1005 190 HommA
1030 149 1081 191 V.
1415 157 1498 202 177

79 262 163 305 sive
202 262 318 305 aliud
365 262 468 319 quid
504 261 656 311 facitis,
708 260 851 303 omnia
901 263 946 305 in
995 261 1174 316 gloriam
1209 263 1293 306 Dei
1331 267 1495 312 facite.“

82 327 216 394 Quod
245 340 357 381 enim
386 350 485 395 post
513 340 772 381 manducare
813 352 854 381 et
891 341 1040 384 bibere
1069 342 1193 384 dicit:
1236 343 1347 398 „sive
1377 345 1494 387 aliud

82 418 184 473 quid
212 416 344 458 facitis
356 421 392 455 :“
420 415 707 458 inverecunda
737 416 925 474 conjugii
943 421 1113 472 negotia
1134 424 1378 464 verecundo
1408 438 1496 465 ser-

79 511 209 536 mone
235 486 422 547 signavit,
451 494 675 534 ostendens
707 493 832 535 etiam
862 495 952 552 ipsa
982 499 1037 539 ad
1066 497 1150 539 Dei
1187 498 1366 550 gloriam
1397 500 1499 552 geri,

81 570 115 613 si
143 570 394 627 posteritatis
422 571 554 612 solius
583 572 947 627 contemplatione
974 586 1274 630 procurentur.
1340 576 1497 619 Prose-

82 647 166 690 cuti
202 664 368 698 sumus,
413 659 460 689 ut
487 647 729 703 potuimus,
767 651 833 691 vel
874 652 928 692 de
957 651 1091 707 culpis
1119 653 1202 694 Lot
1233 670 1280 695 ac
1310 653 1497 696 filiarum

80 723 180 782 ejus,
209 725 273 766 vel
302 741 470 766 rursum
503 726 557 766 de
586 725 923 768 excusationibus
953 744 1110 769 earum.

189 803 229 844 5.
286 803 447 844 Verum
485 803 572 844 scio
612 805 870 855 nonnullos,
916 817 1121 860 quantum
1159 809 1212 848 ad
1253 808 1501 861 allegoriam

78 879 272 935 pertinet,
302 879 382 922 Lot
409 880 580 922 traxisse
619 882 674 922 ad
703 880 886 922 Domini
914 898 1166 937 personam,
1211 896 1251 925 et
1277 886 1383 928 filias
1413 884 1502 943 ejus

83 958 136 997 ad
168 957 254 998 duo
284 969 543 1000 testamenta.
601 958 687 1000 Sed
716 959 834 1007 haec,
866 959 936 1014 qui
965 960 1079 1010 sciat,
1111 960 1215 1017 quid
1241 962 1294 1002 de
1324 963 1502 1004 Amma-

81 1033 179 1076 nitis
205 1046 244 1076 et
271 1031 476 1077 Moabitis
506 1035 727 1091 Scriptura
758 1035 880 1086 dicit,
925 1036 998 1093 qui
1039 1054 1086 1078 ex
1131 1054 1283 1090 genere
1312 1039 1394 1081 Lot
1426 1040 1502 1081 de-

82 1115 311 1163 scendunt,
357 1114 499 1155 nescio
537 1113 571 1155 si
608 1113 792 1154 libenter
834 1113 1027 1169 accipiat.
1114 1116 1355 1170 Quomodo
1389 1115 1503 1158 enim

82 1190 240 1246 poterit
268 1202 412 1247 aptare
443 1190 627 1241 Christo,
657 1191 796 1246 quod,
845 1191 919 1247 qui
963 1194 1017 1233 de
1059 1193 1220 1234 semine
1259 1192 1348 1250 ejus
1379 1209 1505 1247 gene-

84 1268 316 1323 rantur,¹)
357 1284 490 1323 usque
527 1268 573 1309 in
610 1269 774 1310 tertiam
815 1280 855 1310 et
894 1281 1087 1325 quartam
1125 1270 1374 1326 progeniem
1411 1287 1505 1312 non

84 1343 324 1385 introibunt
352 1345 397 1386 in
428 1344 645 1387 ecclesiam
675 1344 889 1386 Domini?
946 1347 1036 1389 Nos
1067 1358 1221 1397 autem,
1249 1358 1384 1403 prout
1411 1363 1507 1389 sen-

85 1421 166 1462 tire
195 1438 433 1477 possumus,
463 1421 543 1462 Lot
570 1424 749 1473 figuram
779 1422 982 1479 ponimus
1019 1424 1130 1475 legis.
1197 1424 1287 1466 Nee
1314 1424 1510 1465 videatur

86 1497 396 1551 incongruum,
443 1502 561 1555 quod
600 1501 786 1541 femineo
826 1515 979 1551 genere
1019 1502 1134 1557 apud
1162 1517 1242 1543 nos
1272 1501 1510 1542 declinatur

84 1578 173 1628 lex,
225 1595 322 1620 cum
359 1578 643 1621 masculinum
686 1594 817 1629 genus
855 1589 990 1619 servet
1027 1577 1073 1618 in
1113 1577 1293 1618 Graeco.
1371 1575 1511 1633 Hujus

89 1672 264 1697 uxorem
297 1656 510 1711 populum
539 1654 662 1695 illum
692 1654 917 1709 ponimus,
956 1655 1027 1709 qui
1060 1656 1113 1696 de
1141 1656 1333 1712 Aegypto
1363 1654 1512 1710 profe-

90 1745 192 1783 ctus,
223 1743 263 1773 et
294 1734 346 1773 de
375 1729 485 1772 mari
513 1731 670 1781 rubro,
711 1748 758 1772 ac
802 1732 1097 1786 persecutione
1126 1731 1388 1783 Pharaonis,
1417 1741 1510 1771 tan-

91 1827 219 1868 quam
250 1811 304 1851 de
334 1808 611 1850 Sodomiticis
627 1807 671 1862 2)
704 1807 871 1861 ignibus
900 1810 1126 1860 liberatus,
1166 1825 1335 1850 rursum
1366 1823 1512 1848 carnes

93 1900 134 1930 et
165 1888 269 1930 ollas
299 1885 491 1943 Aegypti,
522 1898 563 1927 et
595 1902 755 1941 caepas,
788 1903 1120 1942 cucumeresque
1150 1885 1414 1934 desiderans,
1446 1899 1513 1924 re-

91 1978 159 2008 tro
191 1964 384 2021 respexit,
417 1975 457 2004 et
487 1963 638 2004 cecidit
665 1963 710 2004 in
743 1966 930 2015 deserto,
970 1966 1103 2006 factus
1134 1964 1259 2004 etiam
1289 1963 1378 2017 ipse
1409 1977 1515 2002 con-

95 2041 379 2098 cupiscentiae
409 2040 616 2081 memoria
634 2039 680 2096 3)
710 2041 752 2081 in
784 2057 944 2082 eremo.
1001 2041 1069 2081 Ibi
1100 2055 1198 2091 ergo
1230 2041 1296 2080 lex
1324 2037 1515 2094 primum

94 2118 218 2159 illum
246 2117 459 2173 populum
492 2129 694 2172 tanquam
727 2117 806 2158 Lot
845 2129 958 2158 retro
990 2116 1285 2173 respicientem
1314 2114 1516 2172 perdidit,

97 2215 146 2238 ac
176 2195 346 2251 reliquit
372 2212 563 2236 uxorem.
620 2194 727 2234 Inde
766 2194 936 2235 veniens
967 2193 1046 2235 Lot
1085 2193 1246 2234 habitat
1284 2193 1329 2234 in
1370 2193 1517 2244 Segor,

98 2277 151 2317 de
182 2292 265 2331 qua
297 2273 419 2315 dicit:
447 2273 615 2324 „civitas
633 2271 679 2327 4)
710 2272 814 2313 haec
844 2271 1020 2326 pusilla,
1049 2280 1090 2312 et
1118 2270 1348 2311 salvabitur
1377 2270 1520 2311 anima

63 2358 67 2360 ’
98 2370 193 2395 mea
222 2352 268 2394 in
297 2351 402 2407 ipsa,
432 2363 472 2392 et
498 2367 590 2392 non
622 2361 681 2392 est
709 2349 905 2405 pusilla.“
969 2348 1094 2403 Quae
1131 2363 1231 2400 ergo
1263 2361 1345 2398 est,
1383 2363 1520 2403 quan-

99 2443 189 2472 tum
220 2432 272 2472 ad
301 2432 437 2482 legem
466 2428 672 2484 pertinet,
716 2427 856 2469 civitas
886 2427 1039 2483 pusilla
1072 2437 1111 2468 et
1139 2442 1230 2467 non
1260 2424 1426 2482 pusilla,
1457 2425 1518 2466 vi·—

103 2510 287 2550 deamus.
348 2507 501 2549 Civitas
533 2523 557 2547 a
588 2505 909 2547 conversatione
925 2505 1163 2546 multorum
1195 2503 1307 2546 (licta
1337 2513 1409 2553 est,
1439 2517 1518 2558 pro

224 2691 268 2746 ¹)
295 2692 410 2734 Edd.
446 2689 641 2732 Merlini:
685 2700 950 2742 generentur.
989 2713 1043 2722 --
1088 2688 1175 2730 Csr.
1206 2688 1334 2730 Deut.
1364 2685 1523 2729 XXIII.

220 2762 267 2817 2)
296 2762 407 2802 Edd.
435 2761 632 2802 Merlini:
661 2759 896 2802 Sodomitis
923 2758 1090 2811 ignibus
1121 2769 1197 2800 etc.

221 2832 268 2888 ³)
298 2831 378 2872 Ed.
408 2830 543 2873 Ruaei
571 2831 683 2872 sola:
712 2845 882 2872 memor
909 2828 954 2871 in
985 2844 1143 2871 eremo.

222 2902 270 2958 4)
302 2901 390 2944 Cfr.
421 2901 573 2943 Genes.
604 2899 724 2950 XIX,
752 2901 820 2942 20.

110 2979 331 3022 Omenms
362 2978 533 3021 OPERA.
564 2977 684 3022 ToM.
714 2975 827 3020 VIII.
1146 2977 1201 3018 12
