1764 3096
278 83 363 126 256
879 80 1099 123 Omenms

278 195 497 244 moralem,
543 192 775 235 Rationalis
808 205 867 234 est
896 193 982 244 illa,
1013 209 1118 248 quae
1141 192 1282 233 Deum
1303 204 1468 248 patrem
1499 195 1689 238 omnium

280 272 518 319 confitetur,
549 282 595 310 ut
626 281 687 311 est
717 268 975 311 Abimelech.
1027 269 1237 312 Naturalis
1266 269 1338 310 illa
1371 282 1441 319 cst,
1475 287 1582 326 quae
1613 272 1690 313 fixa

278 362 351 398 est,
382 361 420 389 et
450 358 563 388 tenet
604 348 769 396 omnia,
811 347 924 388 velut
960 358 1135 387 naturae
1176 346 1304 402 ipsius
1347 346 1502 388 viribus
1540 347 1692 397 nitens,

278 442 405 482 quam
434 427 660 480 profitetur
691 423 926 471 Ochozath,
957 422 1029 478 qui
1060 423 1213 463 dicitur
1241 429 1453 472 „tenens.“
1512 424 1692 466 Moralis

277 516 348 553 est,
383 519 489 558 quae
520 501 564 541 in
597 516 670 541 ore
701 512 761 540 est
792 500 1007 549 omnium,
1056 512 1094 541 et
1135 501 1188 540 ad
1229 516 1374 541 omnes
1405 499 1609 555 pertinet,
1653 514 1694 542 et

274 597 354 636 pro
388 578 606 620 communi
635 576 909 618 similitudine
939 590 1288 633 praeceptorum,
1319 577 1362 617 in
1396 577 1586 618 omnium
1619 594 1692 618 ore

275 668 472 704 versatur,
505 672 633 711 quam
665 654 852 705 designat
872 654 947 695 iste
969 655 1133 704 Phicol,
1167 654 1239 709 qui
1269 672 1343 704 „os
1377 654 1595 695 omnium“
1626 655 1691 695 in-

274 745 539 789 terpretatur.
598 731 656 772 Hi
687 748 784 783 ergo
817 747 963 772 omnes
994 731 1036 772 in
1057 730 1354 788 hujuscemodi
1383 730 1691 772 eruditionibus

273 810 462 860 instituti,
494 809 667 851 veniunt
697 810 749 849 ad
780 809 913 861 legem
932 808 1028 857 Dei,
1059 820 1098 848 et
1130 807 1295 849 dicunt:
1325 808 1538 858 „videntes
1558 808 1598 865 1)
1630 808 1691 849 vi-

275 888 424 937 dimus,
457 887 552 943 quia
586 898 646 927 est
676 886 887 926 Dominus
920 898 1072 935 tecum,
1104 897 1143 926 et
1175 884 1382 926 diximus:
1424 887 1498 926 siat
1539 885 1689 942 conju-

273 965 379 1006 ratio
409 964 519 1005 inter
547 980 625 1004 nos
657 976 695 1004 ct
725 963 834 1003 inter
864 974 917 1014 te,
951 974 990 1003 et
1018 962 1319 1004 constituamus
1340 974 1479 1003 tecum
1505 974 1690 1019 pactum,

272 1058 326 1083 ne
357 1040 482 1081 facias
523 1040 810 1094 nobiscum2>
851 1041 982 1088 mala,
1021 1041 1094 1080 sed
1136 1041 1499 1095 quemadmodum
1540 1057 1617 1081 nos
1648 1051 1690 1080 te

270 1135 359 1159 non
390 1133 532 1158 sumus
566 1115 777 1164 exsecrati,
808 1116 863 1156 ita
897 1126 936 1154 et
955 1125 997 1154 tu
1020 1115 1266 1158 benedictus
1292 1118 1524 1159 Domino.“
1583 1117 1688 1157 Pos-

268 1206 366 1236 sunt
397 1193 568 1249 quidem
599 1192 664 1233 isti
698 1204 793 1242 tres,
836 1190 907 1247 qui
935 1207 1083 1246 pacem
1114 1193 1334 1248 requirunt
1364 1211 1386 1234 a
1416 1195 1560 1234 Verbo
1592 1192 1688 1241 Dei,

271 1283 312 1314 et
339 1270 582 1327 praevenire
615 1269 788 1325 cupiunt
827 1277 951 1324 pacto
983 1267 1225 1309 societatem
1264 1268 1373 1326 ejus,
1418 1269 1595 1322 figuram
1625 1281 1687 1309 te-

268 1365 370 1390 nere
398 1363 644 1400 magorum,
686 1345 758 1402 qui
793 1362 838 1386 ex
880 1344 1065 1387 Orientis
1109 1345 1301 1401 partibus
1331 1346 1506 1388 veniunt
1536 1345 1690 1387 eruditi

268 1425 453 1483 paternis
482 1423 619 1473 libris,
661 1434 701 1464 et
738 1421 1070 1464 institutionibus
1099 1421 1336 1480 majorum,
1376 1435 1416 1464 et
1459 1419 1697 1477 dicunt:³)'

270 1504 367 1560 quia
409 1502 598 1543 videntes
641 1500 818 1541 vidimus
862 1511 1008 1540 natum
1052 1516 1214 1553 regem,
1260 1511 1300 1541 et
1339 1499 1540 1549 vidimus,
1589 1497 1687 1554 quIa

267 1581 387 1621 Deus
420 1590 480 1620 est
511 1595 607 1619 cum
640 1577 746 1633 ipso,
780 1589 820 1618 et
851 1576 1040 1618 venimus
1071 1578 1250 1618 adorare
1280 1594 1389 1618 eum.
1457 1577 1544 1618 Sed
1585 1588 1623 1617 et
1652 1575 1685 1617 si

270 1657 360 1713 quis
391 1656 463 1697 ille
496 1667 567 1704 est,
600 1656 672 1710 qui
702 1652 997 1710 hujuscemodi
1029 1653 1338 1695 eruditionibus
1369 1653 1593 1701 institutus,
1623 1651 1683 1691 vi-

270 1736 400 1783 dens,
431 1732 528 1789 quia
559 1732 677 1772 Deus
711 1742 800 1771 erat
840 1730 885 1771 in
912 1730 1118 1780 'Clu-isto,
1158 1732 1368 1772 mundum
1406 1728 1683 1771 reconcilians

268 1810 360 1860 sibi,
391 1822 430 1851 et
461 1808 687 1850 admiratus
719 1823 898 1863 operum
930 1805 1017 1864 ejus
1040 1806 1312 1865 majestatem,
1345 1807 1475 1850 dicat:
1507 1807 1681 1857 „viden-

266 1898 326 1929 tes
342 1886 387 1941 4)
418 1886 609 1935 vidimus,
641 1885 738 1941 quia
770 1897 828 1926 est
857 1884 1071 1926 Dominus
1101 1897 1264 1934 tecum,
1309 1897 1349 1926 et
1379 1884 1579 1925 diximus:
1610 1885 1682 1924 fiat

266 1962 504 2021 conjuratio
535 1962 645 2003 inter
683 1968 800 2003 nos.“
867 1963 1082 2003 Accedens
1100 1962 1143 2018 5)
1189 1962 1301 2003 enim
1340 1962 1393 2002 ad
1433 1962 1567 2014 legem
1597 1959 1680 2000 Dei

264 2040 497 2083 necessario
530 2039 650 2081 dicit:
691 2039 912 2097 ,‚juravi⁶)
943 2052 983 2081 et
1013 2040 1161 2091 statui,
1198 2052 1245 2080 ut
1281 2038 1516 2082 custodiam
1558 2053 1678 2078 man⁴

265 2120 362 2159 data
392 2123 501 2160 tua.“

265 2230 594 2239 w—-u—-e

382 2306 424 2361 ¹>
458 2306 609 2347 Genes.
641 2306 800 2355 XXVI,
829 2305 896 2349 28.
927 2307 993 2349 29.

377 2377 423 2432 2)
452 2376 562 2418 Edd.
593 2377 653 2417 M.
693 2389 731 2418 et
770 2377 821 2419 R,
853 2378 936 2418 hoc
966 2377 1089 2427 loeo,
1125 2377 1197 2418 cfr.
1235 2391 1326 2432 pag.
1368 2375 1463 2418 254.
1508 2386 1597 2417 not.
1634 2376 1672 2418 6.

264 2433 512 2486 „nobiscum
542 2433 693 2474 mala.“

380 2503 425 2557 ³)
458 2502 544 2545 Cfr.
574 2503 726 2544 Matth.
754 2503 807 2554 II,
836 2505 877 2546 2.

375 2571 422 2627 4)
458 2572 610 2614 Genes.
641 2573 799 2623 XXVI,
829 2574 898 2617 28.

378 2641 422 2697 ⁶)
456 2641 567 2682 Alias
598 2642 658 2698 (v,
689 2660 722 2684 c.
754 2643 799 2685 in
829 2645 924 2686 edd.
954 2643 1066 2699 Μ.);
1096 2642 1434 2693 ‚,Adscendens,“
1457 2642 1530 2683 sed
1546 2641 1669 2683 Mss.:

261 2700 544 2749 „Accedens.“
573 2699 626 2741 R.

377 2767 422 2822 ⁶)
450 2768 604 2810 Psalm.
648 2768 814 2820 CXIX,
858 2772 951 2813 106.
986 2795 1041 2805 —-
1080 2771 1191 2814 Edd.
1230 2768 1422 2814 Merlini:
1461 2765 1593 2825 juravi
1632 2777 1670 2807 et

262 2825 383 2867 statui
415 2825 624 2869 custodire
652 2827 847 2871 mandata
878 2839 961 2872 tua.
