1764 3096
465 108 512 137 m
544 94 748 137 GENESm
777 93 979 136 ΗοΜιιιΑ
996 95 1110 137 XVI.
1417 96 1502 139 279

74 211 220 252 saltem
255 206 505 249 commoniti
536 207 777 250 festinemus
807 206 1008 263 implere,
1047 206 1290 248 festinemus
1319 208 1498 249 transire

77 305 97 327 a
131 285 418 327 sacerdotibus
450 283 699 334 Pharaonis,
728 284 880 339 quibus
910 296 1074 325 terrena
1099 285 1306 340 possessio
1340 295 1409 332 est,
1442 285 1495 324 ad

76 363 314 405 sacerdotes
345 360 551 411 Domini,
582 361 734 417 quibus
764 359 809 402 in
839 374 948 403 terra
979 368 1075 417 pa'rs
1105 378 1196 403 non
1228 369 1306 411 est,
1342 361 1496 416 quibus

77 439 221 496 portio
254 437 469 480 Dominus
500 450 570 481 est.
628 438 741 480 Talis
773 438 883 480 enim
917 451 1003 479 erat
1020 438 1062 495 ¹)
1091 438 1175 488 ille,
1208 438 1280 494 qui
1307 437 1496 478 dicebat:

75 528 301 570 „tanquam
320 514 365 567 ²)
397 527 582 566 egentes,
621 517 779 557 multos
813 528 953 557 autem
983 517 1312 571 locupletantes:
1350 526 1398 555 ut
1426 513 1492 554 ni-

73 593 133 633 hil
164 593 378 642 habentes,
411 604 449 633 ct
480 593 622 633 omnia
651 593 952 648 possidentes.“
1018 593 1177 634 'Paulus
1208 593 1276 635 hic
1309 603 1388 641 est,
1421 591 1495 646 qui

74 670 116 710 in
146 669 298 710 talibus
329 667 544 720 gloriatur.
603 669 676 711 Vis
705 670 864 719 audire,
901 670 1005 725 quid
1036 669 1160 710 etiam
1190 670 1339 710 Petrus
1371 670 1424 710 de
1452 684 1496 709 se

72 747 165 802 ipso
198 745 471 801 pronuntiet?
528 745 684 787 Audite
716 762 811 787 eum
846 763 941 787 cum
971 747 1140 787 Joanne
1169 746 1328 802 pariter
1358 747 1493 801 profi-

72 835 242 872 tentem,
269 834 308 863 et
341 821 573 863 dicentem:
617 823 858 878 „aurum'3)
900 836 939 864 et
970 835 1189 876 argentum
1219 840 1311 864 non
1342 823 1495 871 habeo,

74 902 146 942 sed
180 901 298 955 quod
329 900 490 948 habeo,
540 900 622 939 hoc
661 900 737 941 tibi
777 902 845 941 do.
913 899 963 940 In
1003 900 1179 941 nomine
1207 901 1306 941 Jesu
1340 899 1498 940 Christi

76 993 196 1028 surge
229 988 268 1016 et
299 977 509 1017 ambula.“
581 976 703 1017 Vides
734 979 1004 1018 sacerdotum
1036 975 1191 1018 Christi
1221 976 1406 1025 divitias,
1437 975 1498 1016 vi—

76 1056 147 1095 des
186 1053 292 1094 nihil
332 1053 556 1102 hahentes,
609 1065 765 1108 quanta
816 1065 856 1094 et
895 1055 1035 1108 qualia
1075 1054 1322 1105 largiuntur.
1395 1052 1495 1094 Istas

76 1147 177 1186 opes
208 1131 349 1181 largiri
378 1147 465 1171 non
498 1142 634 1185 potest
667 1142 830 1170 terrena
863 1130 1087 1185 possessiO.

186 1207 222 1249 6.
258 1206 527 1248 Contulimus
558 1209 799 1248 sacerdotes
826 1208 1129 1257 sacerdotibus,
1158 1223 1285 1257 nune,
1317 1207 1351 1248 si
1382 1207 1495 1248 vide·

75 1295 165 1332 tur,
209 1294 248 1324 et
277 1284 489 1338 populum
521 1284 777 1340 Aegyptium
821 1285 987 1339 populo
1032 1283 1259 1325 Israelitico
1301 1286 1494 1325 confera-

75 1376 179 1400 mus.
239 1358 408 1399 Dicitur
444 1360 555 1400 enim
588 1360 628 1400 in
663 1361 1037 1416 consequentibus,
1086 1361 1182 1417 quia
1214 1373 1310 1417 post
1339 1363 1494 1402 famem

76 1448 116 1476 et
144 1436 384 1477 servitutem
416 1437 603 1491 populus
636 1438 862 1495 Aegyptius
893 1439 1056 1492 quintas
1087 1439 1240 1478 offerat
1269 1437 1495 1480 Pharaoni.

75 1513 111 1552 E
146 1512 360 1554 contrario
390 1529 491 1553 vero
532 1513 782 1555 Israeliticus
823 1515 1010 1570 populus
1052 1515 1234 1555 decimas
1278 1517 1403 1556 offert
1432 1530 1496 1556 sa—

78 1590 334 1637 cerdotibus.
393 1590 503 1631 Vide
545 1601 584 1630 et
624 1591 666 1632 in
712 1593 794 1632 hoc
834 1594 1086 1647 scriptur-am
1127 1591 1310 1634 divinam
1342 1591 1502 1642 ingenti

78 1666 244 1708 ratione
273 1666 507 1715 subnixam,
538 1668 633 1708 vide
664 1668 916 1725 Aegyptium
946 1671 1159 1723 populum
1191 1666 1388 1722 quinario
1419 1684 1501 1707 nu-

77 1761 196 1784 mero
228 1744 383 1785 tributa
412 1746 682 1798 pendentem.
743 1745 948 1800 Quinque
979 1745 1089 1786 enim
1120 1763 1266 1786 sensus
1298 1743 1499 1800 corporei

82 1821 378 1873 designantur,
418 1821 571 1876 quibus
609 1821 796 1876 populus
838 1822 1016 1871 carnalis
1056 1821 1244 1867 deservit.
1319 1821 1500 1877 Semper

78 1899 190 1939 enim
205 1898 395 1954 Aegyptii
418 1898 649 1939 visibilibus
674 1900 797 1939 rebus
814 1910 853 1938 et
872 1898 1169 1952 corporalibus
1194 1899 1497 1952 obsequuntur,

82 1978 137 2015 At
168 1991 265 2014 vero
299 1975 549 2015 Israeliticus
587 1975 772 2030 populus
804 1975 990 2019 honorat
1029 1977 1232 2015 decadem
1275 1974 1502 2029 perfectio-

81 2053 144 2093 nis
176 2068 416 2092 numerum.
478 2051 637 2091 Decem
671 2051 781 2091 enirn
815 2051 941 2091 verba
974 2051 1072 2103 legis
1103 2052 1277 2106 accepit,
1309 2062 1346 2090 et
1377 2052 1502 2091 deca-

83 2129 168 2179 logi
200 2128 350 2168 virtute
380 2127 604 2168 instructus
637 2128 779 2179 ignota
811 2129 974 2168 mundo
1018 2129 1116 2169 huic
1147 2139 1407 2168 sacramenta
1440 2126 1504 2168 di—

84 2207 176 2246 vina
208 2204 428 2257 largitione
459 2205 651 2259 suscepit.
714 2204 799 2245 Sed
832 2216 868 2244 et
896 2204 940 2244 in
970 2222 1085 2245 novo
1110 2216 1358 2246 testamento
1389 2203 1504 2245 simi—

88 2283 181 2323 liter
211 2281 461 2324 venerabilis
493 2292 551 2320 est
583 2281 728 2328 decas,
768 2279 873 2320 sicut
914 2292 953 2321 et
988 2282 1148 2322 fructus
1185 2281 1355 2337 spiritus
1385 2280 1504 2322 denis

87 2359 313 2415 exponitur
330 2357 374 2412 ⁴)
410 2357 645 2411 germinare
673 2357 909 2398 virtutibus.
966 2359 1020 2398 Et
1049 2375 1190 2400 servus
1220 2356 1417 2412 fidelis⁵)
1452 2358 1504 2399 de

88 2436 383 2487 negotiationis
424 2451 523 2476 suae
561 2435 686 2475 lucris
723 2435 872 2475 decern
910 2452 1030 2475 mnas
1061 2436 1189 2476 offert
1218 2434 1437 2484 Domino,
1468 2446 1507 2474 et

211 2617 253 2670 ¹)
285 2616 394 2657 Edd.
427 2615 619 2656 Merlini:
650 2627 739 2656 erat
770 2627 809 2656 et
838 2614 912 2655 itte
944 2628 1020 2656 etc.

207 2687 253 2739 ²)
283 2686 321 2725 Π
354 2686 454 2726 Cor.
485 2686 556 2735 VI,
587 2686 651 2727 10.
769 2684 816 2739 ³)
848 2687 941 2726 Act.
972 2685 1044 2735 lli,
1076 2688 1112 2728 b'.

213 2756 259 2808 ⁴)
291 2755 378 2795 Cfr.
411 2755 546 2795 Galat.
575 2755 628 2802 V,
658 2756 725 2797 22.

218 2824 262 2878 ὅ)
293 2824 379 2866 Cfr.
412 2824 560 2866 Matth.
593 2824 731 2875 XXV,
762 2824 827 2866 14.
858 2840 970 2880 seqq.
