1764 3096
282 92 365 138 130
882 90 1102 133 Omeems

287 220 384 246 cum
416 214 534 260 patre
564 218 667 254 su0‚
701 213 739 244 et
768 202 977 244 volentem
1009 204 1148 244 faeere
1180 203 1295 258 apud
1327 218 1405 244 nos
1439 202 1702 247 mansionem

286 280 330 322 in
363 280 525 336 Spiritu
558 291 727 330 sancto,
771 279 888 337 cujus
928 280 1042 336 prius
1081 280 1289 336 templum
1330 296 1406 334 per
1445 280 1702 322 sanctitatem

289 360 493 400 debemus
524 357 707 400 existere.
770 356 852 412 Ipsi
883 356 1016 409 gloria
1046 358 1089 399 in
1122 369 1287 399 aeterna
1318 357 1484 398 saecula
1515 358 1706 399 saeculo-

287 452 394 478 rum.
455 437 604 476 Amen.

731 760 1150 802 HOMILIA
1211 759 1261 800 II.

449 860 516 901 De
546 860 708 902 fabrica
739 876 850 910 arca,
882 870 921 900 et
952 876 1116 910 eorum,
1146 874 1254 914 quae
1284 858 1326 898 in
1361 874 1405 898 ea
1437 870 1544 898 sunt.

399 986 652 1043 Incipientes
682 988 735 1029 de
766 1002 885 1036 arca,
926 1002 1035 1041 quae
1073 987 1307 1027 secundum
1346 984 1594 1024 mandatum
1627 981 1710 1022 Dei

292 1082 314 1106 a
347 1064 442 1106 Noe
473 1075 713 1106 constructa
745 1075 814 1112 est,
847 1064 1061 1114 disserere,
1091 1063 1232 1119 primo
1265 1062 1457 1103 omnium
1484 1060 1709 1108 videamus,

290 1156 397 1196 quae
429 1141 483 1182 de
514 1156 560 1182 ea
589 1141 826 1183 secundum
857 1139 1023 1181 literam
1055 1141 1319 1180 referuntur:
1367 1150 1406 1179 et
1445 1138 1709 1194 quaestiones

287 1230 593 1273 proponentes,
625 1233 734 1273 quae
765 1215 894 1274 objici
937 1233 959 1257 a
1002 1215 1199 1272 pluribus
1229 1216 1387 1265 solent,
1427 1216 1551 1256 etiam
1583 1216 1707 1281 absa·

288 1294 473 1335 lutiones
507 1311 652 1336 earum
685 1310 733 1335 ex
763 1293 839 1344 his,
872 1310 979 1349 quae
1009 1294 1135 1335 nobis
1174 1305 1273 1334 sunt
1302 1309 1324 1333 a
1355 1292 1589 1349 majoribus
1627 1305 1711 1334 tra-

288 1370 387 1421 dita,
416 1371 701 1427 requiramus:
740 1381 788 1411 ut
829 1387 926 1412 cum
957 1367 1257 1427 hujuscemodi
1295 1362 1710 1427 fundamenta-jece-

288 1448 433 1498 rimus,
464 1450 517 1490 ab
547 1448 748 1490 historiae
776 1459 892 1489 textu
923 1447 1135 1504 possimus
1166 1448 1424 1489 adscendere
1445 1449 1498 1489 ad
1517 1448 1710 1504 spiritua-

288 1526 336 1566 lis
365 1524 665 1577 intelligentiae
701 1526 925 1583 mysticum
969 1536 1010 1565 et
1048 1524 1322 1578 allegoricum
1360 1542 1551 1574 sensum,
1600 1537 1639 1566 et
1678 1524 1710 1565 si

288 1601 392 1656 quid
420 1601 464 1643 in
493 1603 542 1645 iis
573 1619 777 1644 arcanum
818 1602 1084 1653 continetur,
1124 1602 1310 1656 aperire,
1350 1603 1546 1644 Domino
1586 1602 1710 1644 nobis

288 1678 406 1720 verbi
445 1678 510 1720 sui
549 1679 767 1721 scientiam
809 1680 1033 1720 revelante.
1107 1679 1255 1720 Primo
1295 1678 1421 1731 igitur
1459 1680 1563 1720 haec
1604 1679 1708 1734 ipsa,

289 1771 397 1811 quae
425 1755 578 1812 scripta
599 1768 708 1806 sunt,
736 1772 1046 1812 proponamus.
1091 1754 1173 1805 „Et
1192 1754 1235 1811 1)
1254 1754 1367 1806 dixit,
1384 1755 1535 1812 inquit,
1556 1756 1710 1797 Domi-

288 1849 368 1874 nus
398 1834 452 1873 ad
481 1833 597 1874 Noe:
624 1844 794 1890 tempus
825 1833 964 1875 omnis
993 1831 1178 1874 hominis
1208 1834 1322 1875 venit
1352 1844 1448 1874 ante
1479 1849 1570 1884 me,
1600 1850 1710 1888 quo-

289 1911 404 1951 niam
433 1909 607 1965 impleta
646 1922 706 1953 est
742 1921 855 1951 terra
891 1908 1183 1965 iniquitatibus
1215 1911 1268 1951 ab
1297 1910 1371 1960 iis,
1409 1921 1449 1950 et
1479 1926 1599 1958 ecce,
1631 1924 1708 1960 ego

291 1986 535 2043 disperdam
553 1987 600 2043 ²)
639 1987 734 2029 illos
776 2002 874 2029 cum
913 1999 1037 2030 terra.
1109 1987 1198 2029 Fac
1237 2002 1337 2039 ergo
1376 1986 1452 2028 tibi
1484 2004 1625 2028 arcam
1657 1988 1709 2028 de

289 2063 410 2116 lignis
439 2063 667 2120 quadratis,
695 2063 825 2106 nidos
853 2064 981 2107 facies
1009 2065 1055 2106 in
1085 2081 1204 2115 arca,
1242 2076 1281 2106 et
1308 2055 1587 2106 bituminabis
1617 2080 1709 2104 eam

292 2141 345 2180 ab
376 2140 487 2182 intus
528 2153 568 2181 et
606 2157 629 2182 a
657 2141 761 2184 foris
789 2141 1019 2184 bitumine:
1070 2154 1110 2184 et
1145 2144 1204 2184 sic
1232 2142 1360 2184 facies
1391 2158 1545 2183 arcam.
1603 2140 1710 2182 Tre·
1736 2155 1747 2160 ‘

292 2227 514 2258 centorum
547 2217 790 2258 cubitorum
820 2218 1134 2272 longitudinem
1164 2235 1306 2268 arcae,
1338 2229 1378 2259 et
1406 2218 1708 2274 quinquaginta
1751 2211 1753 2214 ¹

293 2292 538 2335 cubitorum
568 2293 849 2345 latitudinem,
881 2306 922 2335 et
949 2295 1117 2347 triginta
1156 2295 1400 2337 cubitorum
1441 2295 1706 2338 altitudinem
1758 2340 1759 2344 ,

293 2368 380 2425 ejus
411 2369 611 2422 colligens
643 2368 770 2412 facies
800 2387 962 2422 aream,
1003 2383 1043 2413 et
1084 2372 1128 2413 in
1168 2372 1358 2413 cubitum
1389 2373 1707 2414 consummabis

293 2446 457 2488 camin
486 2462 666 2490 summu.
728 2446 895 2490 Ostium
936 2460 1077 2491 autem
1117 2465 1239 2491 arcae
1276 2449 1402 2491 facies
1443 2449 1527 2505 a3)
1565 2450 1706 2500 latere,
1749 2455 1760 2505 ’ᾗ

409 2628 452 2683 1)
486 2627 635 2671 Genes.
661 2628 735 2678 VI,
765 2629 958 2673 13—16.

406 2697 452 2751 2)
481 2697 593 2740 Edd.
632 2698 830 2741 Merlini:
877 2699 1278 2756 disperdamffillos,
1325 2713 1363 2742 et
1410 2712 1556 2743 cetera.
1619 2700 1704 2742 Fac

290 2768 387 2807 ergo
419 2766 494 2796 etc.

403 2821 450 2875 ³)
479 2823 589 2866 Edd.
618 2823 813 2869 Merlini:
843 2843 890 2868 ex
919 2827 1059 2869 latere.
