1764 3096
266 73 352 116 212
867 66 1088 111 Omonms

275 182 425 224 mundi
455 180 832 238 praefigurabatur,
866 196 963 222 cum
988 179 1197 221 diceretur
1214 175 1405 219 Adamo:
1435 179 1688 235 ‚,crescite¹)

273 271 313 300 ot
339 257 721 314 multiplicamini.“
779 259 910 319 Quod
942 269 981 299 et
1011 257 1147 312 ipsum
1179 255 1281 296 dicit
1310 256 1618 311 Apostolus,²)
1647 257 1691 298 in

276 335 444 376 Christo
477 335 559 374 dici
596 346 635 375 et
664 335 706 375 in
738 335 922 376 ccclesia.
990 334 1122 388 Quod
1156 345 1296 373 autem
1335 332 1458 372 dixit:
1499 333 1629 381 „slent
1645 333 1691 388 ³)

274 413 418 453 stellae
443 412 551 452 coeli
577 411 618 452 in
636 411 956 453 multitudine:“
990 409 1216 466 etadjecit:
1249 408 1384 459 „sicut
1412 425 1553 459 arena,
1584 425 1692 464 quae

275 502 333 531 est
363 491 416 530 ad
449 506 567 530 oram
598 488 723 528 maris
751 487 1119 530 innumerabilis:“
1159 488 1334 528 fortasse
1374 485 1546 540 quidem
1581 487 1691 527 dicat

275 566 446 622 aliquis,
479 564 668 606 coelestis
701 565 869 606 numeri
908 566 1083 617 figuram
1129 563 1469 608 Christianorum
1509 564 1692 618 populo,

276 659 428 685 arenae
459 642 586 683 maris
616 642 799 683 Judaico
833 641 1068 683 convenire.
1100 626 1217 693 *Ego
1257 652 1399 681 tamen
1438 641 1522 680 hoc
1562 639 1692 690 magis

272 733 403 775 puto,
449 719 571 775 quod
609 729 839 773 utrumque
878 719 1118 774 exemplum
1157 718 1325 772 utrique
1364 715 1530 772 populo
1562 714 1692 770 possit

274 796 420 852 aptari.
480 797 588 836 Nam
619 806 660 836 et
689 795 733 835 in
763 795 839 837 illo
871 797 1036 851 populo
1069 797 1240 835 fuerunt
1259 793 1382 834 multi
1404 791 1500 849 justi
1525 804 1563 833 et
1585 808 1690 846 pro-

272 874 437 928 phetae,
469 874 621 928 quibus
650 871 867 913 stellarum
911 873 1019 915 coeli
1051 871 1202 913 merito
1245 881 1521 928 eomparatuss⁸
1552 884 1690 909 exem-

271 952 414 1005 plum:
454 962 494 991 et
531 951 573 991 in
612 959 758 990 nostro
801 946 965 1001 populo
1003 959 1100 988 sunt
1129 946 1271 996 multi,
1310 945 1383 1002 qui
1422 957 1589 986 terrena
1628 961 1691 986 sa-

272 1027 406 1081 piunt,
438 1038 477 1066 ct
506 1042 692 1081 quorum
720 1023 890 1066 stultitia
922 1025 1087 1074 gravior
1120 1036 1179 1065 est
1196 1040 1320 1064 arena
1343 1022 1490 1064 maris:
1521 1022 1566 1062 in
1597 1021 1690 1077 qui-

272 1104 350 1144 bus
391 1102 620 1158 praecipue
660 1096 971 1141 haebeticomm
1009 1101 1152 1141 turbas
1191 1100 1376 1142 arbitror
1414 1098 1689 1154 deputandas.

275 1180 359 1220 Sed
390 1195 444 1220 ne
472 1196 551 1220 nos
583 1177 756 1232 quidem
786 1175 920 1216 securi
958 1175 1108 1216 simus:
1149 1178 1288 1217 donec
1325 1175 1439 1217 enim
1481 1175 1571 1230 quis
1610 1192 1689 1215 no-

272 1268 403 1298 strum
434 1272 524 1297 non
555 1253 733 1310 deponit
766 1251 991 1303 imaginem
1022 1252 1200 1301 terreni,
1230 1263 1270 1292 et
1298 1251 1437 1292 induit
1466 1251 1691 1304 imaginem

275 1331 484 1380 coelestis,
528 1331 703 1371 terrenis
742 1340 1014 1385 comparatur
1052 1329 1262 1383 exemplis.
1330 1328 1458 1369 Unde
1497 1340 1536 1368 et
1570 1330 1688 1384 Apo-

272 1411 404 1451 stolus
435 1425 482 1449 ex
512 1408 595 1456 his,
635 1418 680 1448 ut
711 1407 891 1463 opinor,
928 1418 1091 1456 motus,
1127 1405 1174 1446 in
1214 1405 1463 1446 coelestibus
1496 1417 1535 1445 et
1562 1417 1692 1445 terre·

272 1487 423 1528 stribus
454 1485 706 1540 corporibus
736 1483 1053 1525 resurrectionis
1082 1484 1239 1524 format
1256 1482 1496 1534 imaginem,
1526 1482 1688 1523 dicens:

273 1563 377 1612 „alia
394 1561 439 1617 ⁴)
471 1563 642 1617 quidem
675 1561 915 1602 coelestium
948 1560 1106 1612 gloria,
1143 1560 1224 1601 alia
1254 1571 1394 1602 autem
1423 1559 1691 1600 terrestrium.

272 1640 329 1680 Et
356 1640 471 1681 stella
501 1640 554 1678 ab
587 1639 706 1679 stella
737 1638 880 1679 differt
909 1637 955 1678 in
986 1638 1194 1679 claritate:
1230 1637 1286 1678 ita
1319 1636 1395 1677 erit
1436 1649 1475 1677 et
1504 1653 1688 1678 resurre-

273 1717 356 1759 ctio
388 1719 697 1757 mortuorum.⁸‘
742 1714 828 1755 Sed
860 1725 900 1754 et
929 1715 1144 1756 Dominus
1175 1730 1272 1755 cum
1297 1713 1421 1754 dicit:
1450 1713 1592 1766 „ita⁵)
1625 1714 1690 1753 lu-

274 1805 366 1836 ceat
401 1793 472 1832 lux
511 1803 644 1832 vestra
684 1807 828 1832 coram
868 1790 1139 1841 hominibus,
1184 1803 1230 1831 ut
1267 1789 1453 1833 videntes
1493 1789 1697 1841 homines*

273 1885 404 1924 apera
433 1880 566 1909 vestra
594 1868 711 1908 bona
741 1867 978 1919 glorificent
1006 1880 1169 1922 patrem
1188 1880 1384 1916 vestrum,
1417 1867 1488 1921 qui
1517 1867 1562 1907 in
1594 1882 1691 1908 coe-

272 1947 320 1987 lis
352 1958 409 1987 est
423 1950 458 1985 :“
489 1945 573 1985 hoc
603 1944 714 1984 idem
749 1956 996 1985 commonet
1027 1960 1136 1993 eum,
1167 1944 1239 1999 qui
1268 1942 1386 1985 novit
1416 1942 1575 1983 audjre.

382 2022 422 2065 3.
456 2021 589 2075 Quod
628 2032 769 2062 autem
813 2019 1001 2061 Christus
1047 2035 1191 2062 semen
1233 2019 1467 2061 Abrahami
1505 2031 1544 2060 et
1580 2021 1689 2067 filius

271 2098 509 2140 Abrahami
537 2097 610 2146 sit,
651 2098 684 2139 si
722 2097 780 2138 vis
812 2095 1042 2138 evidentius
1072 2096 1316 2152 Scripturae
1345 2088 1481 2138 verbis
1512 2097 1688 2148 discere,

271 2175 382 2224 audi,
415 2175 636 2229 quomodo
669 2174 712 2214 in
742 2173 971 2224 Evangelio
1009 2173 1212 2229 scriptum
1244 2188 1323 2217 est:
1357 2173 1573 2229 ,Αἰδῶ-,5)
1618 2174 1685 2214 in-

270 2251 372 2308 quit,
400 2250 679 2302 generationis
707 2250 808 2290 Jesu
838 2249 993 2291 Christi
1023 2248 1098 2290 filii
1128 2248 1282 2299 David,
1311 2247 1388 2290 filii
1418 2249 1686 2291 Abrahami.“

269 2329 318 2370 In
349 2328 432 2368 hoc
463 2343 561 2379 ergo
595 2328 833 2383 completur
866 2337 903 2367 et
932 2326 1002 2367 ille
1031 2341 1186 2377 sermo,
1216 2341 1342 2381 quem
1375 2325 1496 2368 dicit:
1537 2327 1684 2377 „here-

385 2536 430 2592 1)
465 2534 616 2577 Genes.
647 2536 679 2584 Ῑ,
709 2535 775 2576 ⁴28.
894 2534 940 2589 ²)
970 2534 1123 2589 Ephes.
1156 2535 1206 2585 V,
1234 2535 1301 2578 32.

383 2607 428 2661 3)
463 2605 612 2648 Genes.
645 2606 784 2653 XXII,
814 2605 878 2647 17.
998 2605 1044 2659 4)
1073 2605 1093 2644 Ι
1126 2604 1225 2647 Cor.
1256 2605 1352 2659 XV,
1380 2605 1449 2650 40.
1479 2606 1547 2650 41.
1576 2606 1644 2647 42.

264 2733 303 2775 V
348 2675 569 2776 ¹1(³)Edd.
606 2675 800 2718 Men-lini·
842 2686 923 2726 „ut
964 2675 1136 2718 luceat.“
1183 2689 1257 2720 etc.
1303 2702 1354 2710 ==
1399 2675 1489 2719 Cfr.
1528 2676 1676 2719 Matth.

305 2764 317 2782 '
379 2801 425 2856 ⁶)
455 2801 603 2844 Matth.
635 2800 665 2852 I,
698 2803 730 2843 1-
