<?xml version="1.0" encoding="UTF-8"?>
<!DOCTYPE html PUBLIC "-//W3C//DTD XHTML 1.0 Transitional//EN"
    "http://www.w3.org/TR/xhtml1/DTD/xhtml1-transitional.dtd">
<html xmlns="http://www.w3.org/1999/xhtml" xml:lang="en" lang="en">
 <head>
  <title>
</title>
<meta http-equiv="Content-Type" content="text/html;charset=utf-8" />
  <meta name='ocr-system' content='tesseract 3.04.00' />
  <meta name='ocr-capabilities' content='ocr_page ocr_carea ocr_par ocr_line ocrx_word'/>
</head>
<body>
  <div class='ocr_page' id='page_1' title='image "./operaomniaquaegr08orig/operaomniaquaegr08orig_0274.png"; bbox 0 0 1764 3096; ppageno 0'>
   <div class='ocr_carea' id='block_1_1' title="bbox 266 85 1097 133">
    <p class='ocr_par' dir='ltr' id='par_1_1' title="bbox 266 85 1097 133">
     <span class='ocr_line' id='line_1_1' title="bbox 266 85 1097 133; baseline -0.007 -1"><span class='ocrx_word' id='word_1_1' title='bbox 266 87 353 133; x_wconf 81' lang='lat'>262</span> <span class='ocrx_word' id='word_1_2' title='bbox 873 85 1097 128; x_wconf 72' lang='lat' dir='ltr'>OmGEMS</span> 
     </span>
    </p>
   </div>
   <div class='ocr_carea' id='block_1_2' title="bbox 265 196 1696 874">
    <p class='ocr_par' dir='ltr' id='par_1_2' title="bbox 265 196 1696 874">
     <span class='ocr_line' id='line_1_2' title="bbox 267 196 1691 257; baseline -0.001 -14"><span class='ocrx_word' id='word_1_3' title='bbox 267 217 396 257; x_wconf 89' lang='lat' dir='ltr'>quam</span> <span class='ocrx_word' id='word_1_4' title='bbox 426 197 661 249; x_wconf 81' lang='lat' dir='ltr'><strong>reaccendi,</strong></span> <span class='ocrx_word' id='word_1_5' title='bbox 691 209 739 239; x_wconf 91' lang='lat' dir='ltr'>ut</span> <span class='ocrx_word' id='word_1_6' title='bbox 767 198 824 239; x_wconf 84' lang='lat' dir='ltr'>ita</span> <span class='ocrx_word' id='word_1_7' title='bbox 841 198 991 248; x_wconf 85' lang='lat' dir='ltr'>dicam,</span> <span class='ocrx_word' id='word_1_8' title='bbox 1022 196 1238 251; x_wconf 82' lang='lat' dir='ltr'>significat,</span> <span class='ocrx_word' id='word_1_9' title='bbox 1271 209 1311 238; x_wconf 88' lang='lat' dir='ltr'>et</span> <span class='ocrx_word' id='word_1_10' title='bbox 1330 197 1510 252; x_wconf 83' lang='lat' dir='ltr'>reigniri.</span> <span class='ocrx_word' id='word_1_11' title='bbox 1558 199 1691 254; x_wconf 86' lang='lat' dir='ltr'>Quod</span> 
     </span>
     <span class='ocr_line' id='line_1_3' title="bbox 266 274 1691 333; baseline 0 -14"><span class='ocrx_word' id='word_1_12' title='bbox 266 277 352 320; x_wconf 79' lang='lat' dir='ltr'>dici</span> <span class='ocrx_word' id='word_1_13' title='bbox 378 277 499 327; x_wconf 86' lang='lat' dir='ltr'>solet,</span> <span class='ocrx_word' id='word_1_14' title='bbox 532 293 629 317; x_wconf 93' lang='lat' dir='ltr'>cum</span> <span class='ocrx_word' id='word_1_15' title='bbox 659 278 771 318; x_wconf 86' lang='lat' dir='ltr'>forte</span> <span class='ocrx_word' id='word_1_16' title='bbox 801 275 845 316; x_wconf 84' lang='lat' dir='ltr'>in</span> <span class='ocrx_word' id='word_1_17' title='bbox 876 276 1016 333; x_wconf 83' lang='lat' dir='ltr'>aliqua</span> <span class='ocrx_word' id='word_1_18' title='bbox 1046 274 1221 316; x_wconf 80' lang='lat' dir='ltr'>materia</span> <span class='ocrx_word' id='word_1_19' title='bbox 1250 274 1356 328; x_wconf 80' lang='lat' dir='ltr'>ignis</span> <span class='ocrx_word' id='word_1_20' title='bbox 1379 293 1429 317; x_wconf 88' lang='lat' dir='ltr'>eo</span> <span class='ocrx_word' id='word_1_21' title='bbox 1452 293 1586 332; x_wconf 86' lang='lat' dir='ltr'>usque</span> <span class='ocrx_word' id='word_1_22' title='bbox 1619 280 1691 319; x_wconf 84' lang='lat' dir='ltr'>de-</span> 
     </span>
     <span class='ocr_line' id='line_1_4' title="bbox 265 353 1691 405; baseline 0.001 -10"><span class='ocrx_word' id='word_1_23' title='bbox 265 353 367 404; x_wconf 85' lang='lat' dir='ltr'>ficit,</span> <span class='ocrx_word' id='word_1_24' title='bbox 397 365 443 394; x_wconf 89' lang='lat' dir='ltr'>ut</span> <span class='ocrx_word' id='word_1_25' title='bbox 473 353 676 405; x_wconf 76' lang='lat' dir='ltr'>exstingui</span> <span class='ocrx_word' id='word_1_26' title='bbox 718 353 934 403; x_wconf 78' lang='lat' dir='ltr'>videatur,</span> <span class='ocrx_word' id='word_1_27' title='bbox 979 366 1018 396; x_wconf 91' lang='lat' dir='ltr'>et</span> <span class='ocrx_word' id='word_1_28' title='bbox 1056 356 1088 396; x_wconf 85' lang='lat' dir='ltr'>si</span> <span class='ocrx_word' id='word_1_29' title='bbox 1119 355 1231 394; x_wconf 86' lang='lat' dir='ltr'>sorte</span> <span class='ocrx_word' id='word_1_30' title='bbox 1262 353 1460 395; x_wconf 86' lang='lat' dir='ltr'>fomentis</span> <span class='ocrx_word' id='word_1_31' title='bbox 1492 355 1691 397; x_wconf 81' lang='lat' dir='ltr'>adhibitis</span> 
     </span>
     <span class='ocr_line' id='line_1_5' title="bbox 267 430 1691 488; baseline 0.001 -15"><span class='ocrx_word' id='word_1_32' title='bbox 267 444 501 488; x_wconf 80' lang='lat' dir='ltr'>reparetur,</span> <span class='ocrx_word' id='word_1_33' title='bbox 532 447 776 472; x_wconf 84' lang='lat' dir='ltr'>reaccensus</span> <span class='ocrx_word' id='word_1_34' title='bbox 809 431 971 474; x_wconf 85' lang='lat' dir='ltr'>dicitur.</span> <span class='ocrx_word' id='word_1_35' title='bbox 1031 433 1117 473; x_wconf 86' lang='lat' dir='ltr'>Aut</span> <span class='ocrx_word' id='word_1_36' title='bbox 1146 430 1179 472; x_wconf 86' lang='lat' dir='ltr'>si</span> <span class='ocrx_word' id='word_1_37' title='bbox 1210 431 1409 472; x_wconf 88' lang='lat' dir='ltr'>lucernae</span> <span class='ocrx_word' id='word_1_38' title='bbox 1449 433 1595 473; x_wconf 87' lang='lat' dir='ltr'>lumen</span> <span class='ocrx_word' id='word_1_39' title='bbox 1641 451 1691 474; x_wconf 88' lang='lat' dir='ltr'>eo</span> 
     </span>
     <span class='ocr_line' id='line_1_6' title="bbox 266 508 1693 566; baseline 0.001 -15"><span class='ocrx_word' id='word_1_40' title='bbox 266 527 403 566; x_wconf 91' lang='lat' dir='ltr'>usque</span> <span class='ocrx_word' id='word_1_41' title='bbox 431 508 662 565; x_wconf 86' lang='lat' dir='ltr'>perveniat,</span> <span class='ocrx_word' id='word_1_42' title='bbox 692 521 740 550; x_wconf 88' lang='lat' dir='ltr'>ut</span> <span class='ocrx_word' id='word_1_43' title='bbox 768 520 942 565; x_wconf 89' lang='lat' dir='ltr'>putetur</span> <span class='ocrx_word' id='word_1_44' title='bbox 972 508 1188 561; x_wconf 77' lang='lat' dir='ltr'>exstingui,</span> <span class='ocrx_word' id='word_1_45' title='bbox 1219 508 1252 549; x_wconf 88' lang='lat' dir='ltr'>si</span> <span class='ocrx_word' id='word_1_46' title='bbox 1283 510 1395 550; x_wconf 85' lang='lat' dir='ltr'>forte</span> <span class='ocrx_word' id='word_1_47' title='bbox 1422 509 1563 550; x_wconf 89' lang='lat' dir='ltr'>insuso</span> <span class='ocrx_word' id='word_1_48' title='bbox 1597 516 1693 552; x_wconf 87' lang='lat' dir='ltr'>oleo</span> 
     </span>
     <span class='ocr_line' id='line_1_7' title="bbox 266 585 1694 642; baseline 0 -14"><span class='ocrx_word' id='word_1_49' title='bbox 266 587 551 635; x_wconf 83' lang='lat' dir='ltr'>resuscitetur,</span> <span class='ocrx_word' id='word_1_50' title='bbox 582 585 680 627; x_wconf 86' lang='lat' dir='ltr'>licet</span> <span class='ocrx_word' id='word_1_51' title='bbox 710 587 851 627; x_wconf 85' lang='lat' dir='ltr'>minus</span> <span class='ocrx_word' id='word_1_52' title='bbox 869 586 1006 642; x_wconf 87' lang='lat' dir='ltr'>polito</span> <span class='ocrx_word' id='word_1_53' title='bbox 1027 601 1237 635; x_wconf 82' lang='lat' dir='ltr'>sermone,</span> <span class='ocrx_word' id='word_1_54' title='bbox 1269 603 1490 628; x_wconf 83' lang='lat' dir='ltr'>reaccensa</span> <span class='ocrx_word' id='word_1_55' title='bbox 1522 588 1694 628; x_wconf 88' lang='lat' dir='ltr'>lucerna</span> 
     </span>
     <span class='ocr_line' id='line_1_8' title="bbox 268 663 1696 722; baseline 0.001 -17"><span class='ocrx_word' id='word_1_56' title='bbox 268 664 434 706; x_wconf 85' lang='lat' dir='ltr'>dicitur.</span> <span class='ocrx_word' id='word_1_57' title='bbox 495 663 700 705; x_wconf 75' lang='lat' dir='ltr'>Similiter</span> <span class='ocrx_word' id='word_1_58' title='bbox 740 676 779 705; x_wconf 90' lang='lat' dir='ltr'>et</span> <span class='ocrx_word' id='word_1_59' title='bbox 820 665 873 704; x_wconf 89' lang='lat' dir='ltr'>de</span> <span class='ocrx_word' id='word_1_60' title='bbox 917 664 1137 719; x_wconf 88' lang='lat' dir='ltr'>lampade,</span> <span class='ocrx_word' id='word_1_61' title='bbox 1186 665 1250 705; x_wconf 83' lang='lat' dir='ltr'>vel</span> <span class='ocrx_word' id='word_1_62' title='bbox 1282 663 1369 706; x_wconf 86' lang='lat' dir='ltr'>aliis</span> <span class='ocrx_word' id='word_1_63' title='bbox 1400 663 1696 722; x_wconf 81' lang='lat' dir='ltr'>hujuscemodi</span> 
     </span>
     <span class='ocr_line' id='line_1_9' title="bbox 267 741 1695 797; baseline 0.001 -15"><span class='ocrx_word' id='word_1_64' title='bbox 267 741 502 783; x_wconf 81' lang='lat' dir='ltr'>luminibus</span> <span class='ocrx_word' id='word_1_65' title='bbox 543 741 840 797; x_wconf 80' lang='lat' dir='ltr'>appellabitur.</span> <span class='ocrx_word' id='word_1_66' title='bbox 911 742 1016 783; x_wconf 87' lang='lat' dir='ltr'>Tale</span> <span class='ocrx_word' id='word_1_67' title='bbox 1057 758 1155 794; x_wconf 83' lang='lat' dir='ltr'>ergo</span> <span class='ocrx_word' id='word_1_68' title='bbox 1197 741 1357 797; x_wconf 82' lang='lat' dir='ltr'>aliquid</span> <span class='ocrx_word' id='word_1_69' title='bbox 1401 753 1440 782; x_wconf 91' lang='lat' dir='ltr'>et</span> <span class='ocrx_word' id='word_1_70' title='bbox 1483 741 1527 782; x_wconf 83' lang='lat' dir='ltr'>in</span> <span class='ocrx_word' id='word_1_71' title='bbox 1557 743 1695 783; x_wconf 87' lang='lat' dir='ltr'>Jacob</span> 
     </span>
     <span class='ocr_line' id='line_1_10' title="bbox 265 818 1694 874; baseline 0.001 -15"><span class='ocrx_word' id='word_1_72' title='bbox 265 818 455 860; x_wconf 78' lang='lat' dir='ltr'>indicare</span> <span class='ocrx_word' id='word_1_73' title='bbox 483 818 694 859; x_wconf 77' lang='lat' dir='ltr'>videbitur</span> <span class='ocrx_word' id='word_1_74' title='bbox 723 818 791 860; x_wconf 86' lang='lat' dir='ltr'>hic</span> <span class='ocrx_word' id='word_1_75' title='bbox 819 836 983 869; x_wconf 86' lang='lat' dir='ltr'>sermo,</span> <span class='ocrx_word' id='word_1_76' title='bbox 1022 820 1161 874; x_wconf 90' lang='lat' dir='ltr'>quod,</span> <span class='ocrx_word' id='word_1_77' title='bbox 1207 821 1344 860; x_wconf 83' lang='lat' dir='ltr'>donec</span> <span class='ocrx_word' id='word_1_78' title='bbox 1376 819 1501 870; x_wconf 83' lang='lat' dir='ltr'>longe</span> <span class='ocrx_word' id='word_1_79' title='bbox 1532 820 1612 860; x_wconf 85' lang='lat' dir='ltr'>suit</span> <span class='ocrx_word' id='word_1_80' title='bbox 1643 821 1694 860; x_wconf 87' lang='lat' dir='ltr'>ab</span> 
     </span>
    </p>
   </div>
   <div class='ocr_carea' id='block_1_3' title="bbox 267 893 1697 952">
    <p class='ocr_par' dir='ltr' id='par_1_3' title="bbox 267 893 1697 952">
     <span class='ocr_line' id='line_1_11' title="bbox 267 893 1697 952; baseline 0.001 -16"><span class='ocrx_word' id='word_1_81' title='bbox 267 896 446 952; x_wconf 85' lang='lat' dir='ltr'>Joseph,</span> <span class='ocrx_word' id='word_1_82' title='bbox 477 908 516 937; x_wconf 86' lang='lat' dir='ltr'>et</span> <span class='ocrx_word' id='word_1_83' title='bbox 545 913 636 938; x_wconf 91' lang='lat' dir='ltr'>non</span> <span class='ocrx_word' id='word_1_84' title='bbox 667 908 726 938; x_wconf 86' lang='lat' dir='ltr'>est</span> <span class='ocrx_word' id='word_1_85' title='bbox 757 896 794 937; x_wconf 82' lang='lat' dir='ltr'>ei</span> <span class='ocrx_word' id='word_1_86' title='bbox 825 898 1124 938; x_wconf 83' lang='lat' dir='ltr'>annuntiatum</span> <span class='ocrx_word' id='word_1_87' title='bbox 1150 897 1202 937; x_wconf 88' lang='lat' dir='ltr'>de</span> <span class='ocrx_word' id='word_1_88' title='bbox 1228 896 1308 937; x_wconf 77' lang='lat' dir='ltr'>vita</span> <span class='ocrx_word' id='word_1_89' title='bbox 1339 893 1440 951; x_wconf 82' lang='lat' dir='ltr'>ejus,</span> <span class='ocrx_word' id='word_1_90' title='bbox 1473 896 1601 937; x_wconf 81' lang='lat' dir='ltr'>veluti</span> <span class='ocrx_word' id='word_1_91' title='bbox 1624 898 1697 938; x_wconf 83' lang='lat' dir='ltr'>de·-</span> 
     </span>
    </p>
   </div>
   <div class='ocr_carea' id='block_1_4' title="bbox 266 972 1759 1031">
    <p class='ocr_par' dir='ltr' id='par_1_4' title="bbox 266 972 1759 1031">
     <span class='ocr_line' id='line_1_12' title="bbox 266 972 1759 1031; baseline 0 -16"><span class='ocrx_word' id='word_1_92' title='bbox 266 975 423 1015; x_wconf 77' lang='lat' dir='ltr'>fecerat</span> <span class='ocrx_word' id='word_1_93' title='bbox 452 972 497 1013; x_wconf 85' lang='lat' dir='ltr'>in</span> <span class='ocrx_word' id='word_1_94' title='bbox 528 989 578 1013; x_wconf 90' lang='lat' dir='ltr'>eo</span> <span class='ocrx_word' id='word_1_95' title='bbox 609 973 778 1028; x_wconf 85' lang='lat' dir='ltr'>spiritus</span> <span class='ocrx_word' id='word_1_96' title='bbox 811 973 919 1031; x_wconf 76' lang='lat' dir='ltr'>ejus,</span> <span class='ocrx_word' id='word_1_97' title='bbox 961 986 1001 1015; x_wconf 89' lang='lat' dir='ltr'>et</span> <span class='ocrx_word' id='word_1_98' title='bbox 1031 975 1203 1024; x_wconf 87' lang='lat' dir='ltr'>lumen,</span> <span class='ocrx_word' id='word_1_99' title='bbox 1248 974 1365 1029; x_wconf 89' lang='lat' dir='ltr'>quod</span> <span class='ocrx_word' id='word_1_100' title='bbox 1404 973 1448 1014; x_wconf 89' lang='lat' dir='ltr'>in</span> <span class='ocrx_word' id='word_1_101' title='bbox 1481 973 1572 1029; x_wconf 85' lang='lat' dir='ltr'>ipso</span> <span class='ocrx_word' id='word_1_102' title='bbox 1604 974 1697 1025; x_wconf 85' lang='lat' dir='ltr'>suit,</span> <span class='ocrx_word' id='word_1_103' title='bbox 1755 984 1759 997; x_wconf 91' lang='lat'>&#39;</span> 
     </span>
    </p>
   </div>
   <div class='ocr_carea' id='block_1_5' title="bbox 259 1049 1698 2340">
    <p class='ocr_par' dir='ltr' id='par_1_5' title="bbox 265 1049 1697 1402">
     <span class='ocr_line' id='line_1_13' title="bbox 266 1049 1695 1106; baseline 0.001 -15"><span class='ocrx_word' id='word_1_104' title='bbox 266 1050 467 1092; x_wconf 77' lang='lat' dir='ltr'>fomentis</span> <span class='ocrx_word' id='word_1_105' title='bbox 499 1050 793 1091; x_wconf 81' lang='lat' dir='ltr'>deficientibus</span> <span class='ocrx_word' id='word_1_106' title='bbox 824 1049 910 1106; x_wconf 80' lang='lat' dir='ltr'>jam</span> <span class='ocrx_word' id='word_1_107' title='bbox 941 1052 1078 1092; x_wconf 87' lang='lat' dir='ltr'>suerat</span> <span class='ocrx_word' id='word_1_108' title='bbox 1124 1053 1410 1093; x_wconf 85' lang='lat' dir='ltr'>obscuratum.</span> <span class='ocrx_word' id='word_1_109' title='bbox 1470 1050 1558 1091; x_wconf 70' lang='lat' dir='ltr'>Ubi</span> <span class='ocrx_word' id='word_1_110' title='bbox 1596 1069 1695 1093; x_wconf 77' lang='lat' dir='ltr'>vero</span> 
     </span>
     <span class='ocr_line' id='line_1_14' title="bbox 265 1125 1696 1186; baseline 0.002 -19"><span class='ocrx_word' id='word_1_111' title='bbox 265 1138 485 1176; x_wconf 86' lang='lat' dir='ltr'>venerunt,</span> <span class='ocrx_word' id='word_1_112' title='bbox 517 1125 590 1182; x_wconf 82' lang='lat' dir='ltr'>qui</span> <span class='ocrx_word' id='word_1_113' title='bbox 622 1127 658 1168; x_wconf 86' lang='lat' dir='ltr'>ei</span> <span class='ocrx_word' id='word_1_114' title='bbox 689 1126 992 1167; x_wconf 77' lang='lat' dir='ltr'>annuntiarent</span> <span class='ocrx_word' id='word_1_115' title='bbox 1023 1129 1074 1168; x_wconf 91' lang='lat' dir='ltr'>de</span> <span class='ocrx_word' id='word_1_116' title='bbox 1105 1128 1186 1168; x_wconf 77' lang='lat' dir='ltr'>vita</span> <span class='ocrx_word' id='word_1_117' title='bbox 1217 1127 1318 1186; x_wconf 83' lang='lat' dir='ltr'>ejus,</span> <span class='ocrx_word' id='word_1_118' title='bbox 1349 1128 1393 1169; x_wconf 86' lang='lat' dir='ltr'>id</span> <span class='ocrx_word' id='word_1_119' title='bbox 1425 1140 1496 1179; x_wconf 90' lang='lat' dir='ltr'>est,</span> <span class='ocrx_word' id='word_1_120' title='bbox 1529 1129 1600 1185; x_wconf 88' lang='lat' dir='ltr'>qui</span> <span class='ocrx_word' id='word_1_121' title='bbox 1633 1130 1696 1170; x_wconf 86' lang='lat' dir='ltr'>di-</span> 
     </span>
     <span class='ocr_line' id='line_1_15' title="bbox 266 1202 1697 1260; baseline 0.002 -15"><span class='ocrx_word' id='word_1_122' title='bbox 266 1216 424 1253; x_wconf 82' lang='lat' dir='ltr'>cerent,</span> <span class='ocrx_word' id='word_1_123' title='bbox 456 1202 554 1259; x_wconf 87' lang='lat' dir='ltr'>quia</span> <span class='ocrx_word' id='word_1_124' title='bbox 585 1202 694 1253; x_wconf 80' lang='lat' dir='ltr'>„vita</span> <span class='ocrx_word' id='word_1_125' title='bbox 716 1202 758 1260; x_wconf 80' lang='grc'>1&gt;</span> <span class='ocrx_word' id='word_1_126' title='bbox 792 1216 879 1245; x_wconf 86' lang='lat' dir='ltr'>erat</span> <span class='ocrx_word' id='word_1_127' title='bbox 908 1205 980 1245; x_wconf 86' lang='lat' dir='ltr'>lux</span> <span class='ocrx_word' id='word_1_128' title='bbox 1011 1205 1275 1254; x_wconf 85' lang='lat' dir='ltr'>hominum,“</span> <span class='ocrx_word' id='word_1_129' title='bbox 1309 1207 1550 1247; x_wconf 80' lang='lat' dir='ltr'>reaccendit</span> <span class='ocrx_word' id='word_1_130' title='bbox 1580 1206 1622 1247; x_wconf 84' lang='lat' dir='ltr'>iu</span> <span class='ocrx_word' id='word_1_131' title='bbox 1653 1224 1697 1248; x_wconf 83' lang='lat' dir='ltr'>se</span> 
     </span>
     <span class='ocr_line' id='line_1_16' title="bbox 265 1281 1696 1338; baseline 0 -14"><span class='ocrx_word' id='word_1_132' title='bbox 265 1281 462 1338; x_wconf 86' lang='lat' dir='ltr'>spiritum</span> <span class='ocrx_word' id='word_1_133' title='bbox 502 1298 652 1331; x_wconf 87' lang='lat' dir='ltr'>suum,</span> <span class='ocrx_word' id='word_1_134' title='bbox 705 1281 810 1337; x_wconf 82' lang='lat' dir='ltr'>et2)</span> <span class='ocrx_word' id='word_1_135' title='bbox 858 1294 1076 1338; x_wconf 85' lang='lat' dir='ltr'>reparatus</span> <span class='ocrx_word' id='word_1_136' title='bbox 1118 1294 1177 1323; x_wconf 88' lang='lat' dir='ltr'>est</span> <span class='ocrx_word' id='word_1_137' title='bbox 1215 1283 1258 1323; x_wconf 89' lang='lat' dir='ltr'>in</span> <span class='ocrx_word' id='word_1_138' title='bbox 1299 1298 1349 1323; x_wconf 89' lang='lat' dir='ltr'>eo</span> <span class='ocrx_word' id='word_1_139' title='bbox 1392 1283 1534 1335; x_wconf 83' lang='lat' dir='ltr'>fulgor</span> <span class='ocrx_word' id='word_1_140' title='bbox 1571 1283 1696 1325; x_wconf 86' lang='lat' dir='ltr'>lumi-</span> 
     </span>
     <span class='ocr_line' id='line_1_17' title="bbox 266 1358 460 1402; baseline 0.005 -2"><span class='ocrx_word' id='word_1_141' title='bbox 266 1359 328 1402; x_wconf 86' lang='lat' dir='ltr'>nis</span> <span class='ocrx_word' id='word_1_142' title='bbox 361 1358 460 1401; x_wconf 87' lang='lat' dir='ltr'>veri.</span> 
     </span>
    </p>

    <p class='ocr_par' dir='ltr' id='par_1_6' title="bbox 259 1435 1698 2340">
     <span class='ocr_line' id='line_1_18' title="bbox 379 1435 1698 1493; baseline 0.001 -14"><span class='ocrx_word' id='word_1_143' title='bbox 379 1437 419 1479; x_wconf 83' lang='lat'>3.</span> <span class='ocrx_word' id='word_1_144' title='bbox 453 1435 587 1490; x_wconf 84' lang='lat' dir='ltr'>Quod</span> <span class='ocrx_word' id='word_1_145' title='bbox 618 1448 760 1478; x_wconf 84' lang='lat' dir='ltr'>autem</span> <span class='ocrx_word' id='word_1_146' title='bbox 789 1438 925 1493; x_wconf 82' lang='lat' dir='ltr'>possit</span> <span class='ocrx_word' id='word_1_147' title='bbox 953 1437 1171 1478; x_wconf 82' lang='lat' dir='ltr'>interdum</span> <span class='ocrx_word' id='word_1_148' title='bbox 1215 1436 1379 1478; x_wconf 84' lang='lat' dir='ltr'>divinus</span> <span class='ocrx_word' id='word_1_149' title='bbox 1410 1437 1515 1491; x_wconf 78' lang='lat' dir='ltr'>ignis</span> <span class='ocrx_word' id='word_1_150' title='bbox 1548 1439 1698 1480; x_wconf 84' lang='lat' dir='ltr'>exstin-</span> 
     </span>
     <span class='ocr_line' id='line_1_19' title="bbox 265 1502 1697 1570; baseline 0.002 -16"><span class='ocrx_word' id='word_1_151' title='bbox 265 1513 335 1566; x_wconf 83' lang='lat' dir='ltr'>gui</span> <span class='ocrx_word' id='word_1_152' title='bbox 367 1513 493 1554; x_wconf 86' lang='lat' dir='ltr'>etiam</span> <span class='ocrx_word' id='word_1_153' title='bbox 523 1512 568 1554; x_wconf 85' lang='lat' dir='ltr'>in</span> <span class='ocrx_word' id='word_1_154' title='bbox 598 1513 766 1566; x_wconf 81' lang='lat' dir='ltr'>sanctis,</span> <span class='ocrx_word' id='word_1_155' title='bbox 799 1526 841 1556; x_wconf 90' lang='lat' dir='ltr'>et</span> <span class='ocrx_word' id='word_1_156' title='bbox 869 1515 1080 1564; x_wconf 87' lang='lat' dir='ltr'>fidelibus,</span> <span class='ocrx_word' id='word_1_157' title='bbox 1111 1514 1210 1556; x_wconf 84' lang='lat' dir='ltr'>audi</span> <span class='ocrx_word' id='word_1_158' title='bbox 1231 1516 1488 1570; x_wconf 88' lang='lat' dir='ltr'>Apostolum</span> <span class='ocrx_word' id='word_1_159' title='bbox 1514 1502 1697 1558; x_wconf 86' lang='lat' dir='ltr'>Paulum</span> 
     </span>
     <span class='ocr_line' id='line_1_20' title="bbox 269 1589 1695 1648; baseline 0.001 -16"><span class='ocrx_word' id='word_1_160' title='bbox 269 1589 606 1646; x_wconf 77' lang='lat' dir='ltr'>praecipientem</span> <span class='ocrx_word' id='word_1_161' title='bbox 639 1591 713 1640; x_wconf 83' lang='lat' dir='ltr'>his,</span> <span class='ocrx_word' id='word_1_162' title='bbox 745 1591 819 1646; x_wconf 89' lang='lat' dir='ltr'>qui</span> <span class='ocrx_word' id='word_1_163' title='bbox 850 1591 964 1632; x_wconf 87' lang='lat' dir='ltr'>dona</span> <span class='ocrx_word' id='word_1_164' title='bbox 995 1592 1164 1648; x_wconf 84' lang='lat' dir='ltr'>spiritus</span> <span class='ocrx_word' id='word_1_165' title='bbox 1196 1603 1236 1633; x_wconf 91' lang='lat' dir='ltr'>et</span> <span class='ocrx_word' id='word_1_166' title='bbox 1266 1593 1440 1644; x_wconf 83' lang='lat' dir='ltr'>gratiam</span> <span class='ocrx_word' id='word_1_167' title='bbox 1470 1595 1695 1635; x_wconf 84' lang='lat' dir='ltr'>mereban-</span> 
     </span>
     <span class='ocr_line' id='line_1_21' title="bbox 265 1666 1694 1726; baseline 0.003 -18"><span class='ocrx_word' id='word_1_168' title='bbox 265 1679 334 1708; x_wconf 88' lang='lat' dir='ltr'>tur</span> <span class='ocrx_word' id='word_1_169' title='bbox 363 1666 567 1722; x_wconf 83' lang='lat' dir='ltr'>accipere‚</span> <span class='ocrx_word' id='word_1_170' title='bbox 599 1680 638 1709; x_wconf 88' lang='lat' dir='ltr'>et</span> <span class='ocrx_word' id='word_1_171' title='bbox 660 1667 892 1709; x_wconf 82' lang='lat' dir='ltr'>dicentem:</span> <span class='ocrx_word' id='word_1_172' title='bbox 923 1668 1204 1726; x_wconf 76' lang='lat' dir='ltr'>,‚spiritum³)</span> <span class='ocrx_word' id='word_1_173' title='bbox 1236 1670 1369 1710; x_wconf 86' lang='lat' dir='ltr'>nolite</span> <span class='ocrx_word' id='word_1_174' title='bbox 1393 1670 1694 1723; x_wconf 80' lang='lat' dir='ltr'>exstinguere.“</span> 
     </span>
     <span class='ocr_line' id='line_1_22' title="bbox 267 1743 1696 1803; baseline 0.002 -18"><span class='ocrx_word' id='word_1_175' title='bbox 267 1743 496 1800; x_wconf 84' lang='lat' dir='ltr'>Tanquam</span> <span class='ocrx_word' id='word_1_176' title='bbox 536 1761 635 1797; x_wconf 87' lang='lat' dir='ltr'>ergo</span> <span class='ocrx_word' id='word_1_177' title='bbox 676 1746 759 1785; x_wconf 88' lang='lat' dir='ltr'>tale</span> <span class='ocrx_word' id='word_1_178' title='bbox 810 1745 973 1800; x_wconf 85' lang='lat' dir='ltr'>aliquid</span> <span class='ocrx_word' id='word_1_179' title='bbox 1011 1761 1155 1800; x_wconf 86' lang='lat' dir='ltr'>passus</span> <span class='ocrx_word' id='word_1_180' title='bbox 1195 1746 1323 1787; x_wconf 84' lang='lat' dir='ltr'>fuerit</span> <span class='ocrx_word' id='word_1_181' title='bbox 1363 1747 1526 1797; x_wconf 86' lang='lat' dir='ltr'>Jacob,</span> <span class='ocrx_word' id='word_1_182' title='bbox 1571 1748 1696 1803; x_wconf 89' lang='lat' dir='ltr'>quale</span> 
     </span>
     <span class='ocr_line' id='line_1_23' title="bbox 263 1821 1696 1880; baseline 0.002 -18"><span class='ocrx_word' id='word_1_183' title='bbox 263 1821 422 1862; x_wconf 89' lang='lat' dir='ltr'>Paulus</span> <span class='ocrx_word' id='word_1_184' title='bbox 453 1821 671 1878; x_wconf 80' lang='lat' dir='ltr'>praecepit</span> <span class='ocrx_word' id='word_1_185' title='bbox 704 1821 796 1866; x_wconf 83' lang='lat' dir='ltr'>fieri</span> <span class='ocrx_word' id='word_1_186' title='bbox 827 1839 917 1863; x_wconf 84' lang='lat' dir='ltr'>non</span> <span class='ocrx_word' id='word_1_187' title='bbox 952 1823 1126 1872; x_wconf 81' lang='lat' dir='ltr'>debere,</span> <span class='ocrx_word' id='word_1_188' title='bbox 1176 1834 1215 1864; x_wconf 84' lang='lat' dir='ltr'>et</span> <span class='ocrx_word' id='word_1_189' title='bbox 1259 1824 1515 1879; x_wconf 80' lang='lat' dir='ltr'>reparaverit</span> <span class='ocrx_word' id='word_1_190' title='bbox 1546 1842 1588 1865; x_wconf 83' lang='lat' dir='ltr'>se</span> <span class='ocrx_word' id='word_1_191' title='bbox 1619 1841 1696 1880; x_wconf 90' lang='lat' dir='ltr'>per</span> 
     </span>
     <span class='ocr_line' id='line_1_24' title="bbox 263 1898 1696 1956; baseline 0.003 -17"><span class='ocrx_word' id='word_1_192' title='bbox 263 1915 334 1949; x_wconf 86' lang='lat' dir='ltr'>ea,</span> <span class='ocrx_word' id='word_1_193' title='bbox 378 1915 486 1954; x_wconf 88' lang='lat' dir='ltr'>quae</span> <span class='ocrx_word' id='word_1_194' title='bbox 518 1898 554 1939; x_wconf 85' lang='lat' dir='ltr'>ei</span> <span class='ocrx_word' id='word_1_195' title='bbox 588 1898 783 1939; x_wconf 87' lang='lat' dir='ltr'>nuntiata</span> <span class='ocrx_word' id='word_1_196' title='bbox 816 1900 987 1940; x_wconf 84' lang='lat' dir='ltr'>fuerant</span> <span class='ocrx_word' id='word_1_197' title='bbox 1032 1901 1083 1940; x_wconf 87' lang='lat' dir='ltr'>de</span> <span class='ocrx_word' id='word_1_198' title='bbox 1115 1900 1196 1940; x_wconf 75' lang='lat' dir='ltr'>vita</span> <span class='ocrx_word' id='word_1_199' title='bbox 1227 1901 1412 1956; x_wconf 71' lang='lat' dir='ltr'>Josepli,</span> <span class='ocrx_word' id='word_1_200' title='bbox 1459 1902 1612 1942; x_wconf 84' lang='lat' dir='ltr'>dicitur</span> <span class='ocrx_word' id='word_1_201' title='bbox 1644 1904 1696 1944; x_wconf 90' lang='lat' dir='ltr'>de</span> 
     </span>
     <span class='ocr_line' id='line_1_25' title="bbox 264 1974 1695 2031; baseline 0.003 -15"><span class='ocrx_word' id='word_1_202' title='bbox 264 1989 338 2016; x_wconf 88' lang='lat' dir='ltr'>eo:</span> <span class='ocrx_word' id='word_1_203' title='bbox 372 1987 442 2025; x_wconf 86' lang='lat' dir='ltr'>„et</span> <span class='ocrx_word' id='word_1_204' title='bbox 457 1974 502 2030; x_wconf 77' lang='lat'>4)</span> <span class='ocrx_word' id='word_1_205' title='bbox 535 1976 776 2016; x_wconf 84' lang='lat' dir='ltr'>reaccendit</span> <span class='ocrx_word' id='word_1_206' title='bbox 806 1976 1003 2031; x_wconf 82' lang='lat' dir='ltr'>spiritum</span> <span class='ocrx_word' id='word_1_207' title='bbox 1033 1995 1156 2017; x_wconf 90' lang='lat' dir='ltr'>suum</span> <span class='ocrx_word' id='word_1_208' title='bbox 1174 1979 1324 2028; x_wconf 87' lang='lat' dir='ltr'>Jacob,</span> <span class='ocrx_word' id='word_1_209' title='bbox 1358 1991 1398 2019; x_wconf 79' lang='lat' dir='ltr'>et</span> <span class='ocrx_word' id='word_1_210' title='bbox 1418 1978 1519 2019; x_wconf 75' lang='lat' dir='ltr'>dixit</span> <span class='ocrx_word' id='word_1_211' title='bbox 1544 1980 1695 2020; x_wconf 83' lang='lat' dir='ltr'>Israel:</span> 
     </span>
     <span class='ocr_line' id='line_1_26' title="bbox 262 2052 1696 2112; baseline 0.002 -18"><span class='ocrx_word' id='word_1_212' title='bbox 262 2069 465 2106; x_wconf 85' lang='lat' dir='ltr'>magnum</span> <span class='ocrx_word' id='word_1_213' title='bbox 494 2052 599 2094; x_wconf 87' lang='lat' dir='ltr'>mihi</span> <span class='ocrx_word' id='word_1_214' title='bbox 631 2065 702 2103; x_wconf 88' lang='lat' dir='ltr'>est,</span> <span class='ocrx_word' id='word_1_215' title='bbox 733 2053 768 2095; x_wconf 86' lang='lat' dir='ltr'>si</span> <span class='ocrx_word' id='word_1_216' title='bbox 802 2054 941 2094; x_wconf 84' lang='lat' dir='ltr'>adhuc</span> <span class='ocrx_word' id='word_1_217' title='bbox 971 2054 1082 2095; x_wconf 86' lang='lat' dir='ltr'>filius</span> <span class='ocrx_word' id='word_1_218' title='bbox 1112 2073 1231 2096; x_wconf 83' lang='lat' dir='ltr'>meus</span> <span class='ocrx_word' id='word_1_219' title='bbox 1248 2056 1411 2112; x_wconf 76' lang='lat' dir='ltr'>Joseph</span> <span class='ocrx_word' id='word_1_220' title='bbox 1441 2057 1580 2097; x_wconf 73' lang='lat' dir='ltr'>&#39;vix-it.“</span> <span class='ocrx_word' id='word_1_221' title='bbox 1610 2058 1696 2098; x_wconf 82' lang='lat' dir='ltr'>Sed</span> 
     </span>
     <span class='ocr_line' id='line_1_27' title="bbox 260 2130 1693 2189; baseline 0.003 -19"><span class='ocrx_word' id='word_1_222' title='bbox 260 2130 346 2171; x_wconf 86' lang='lat' dir='ltr'>hoc</span> <span class='ocrx_word' id='word_1_223' title='bbox 377 2131 690 2171; x_wconf 81' lang='lat' dir='ltr'>observandum</span> <span class='ocrx_word' id='word_1_224' title='bbox 722 2142 793 2180; x_wconf 88' lang='lat' dir='ltr'>est,</span> <span class='ocrx_word' id='word_1_225' title='bbox 820 2131 930 2186; x_wconf 81' lang='lat' dir='ltr'>quia,</span> <span class='ocrx_word' id='word_1_226' title='bbox 962 2131 1035 2187; x_wconf 87' lang='lat' dir='ltr'>qui</span> <span class='ocrx_word' id='word_1_227' title='bbox 1067 2134 1306 2174; x_wconf 84' lang='lat' dir='ltr'>reaccendit</span> <span class='ocrx_word' id='word_1_228' title='bbox 1328 2135 1523 2189; x_wconf 82' lang='lat' dir='ltr'>spiritum</span> <span class='ocrx_word' id='word_1_229' title='bbox 1556 2152 1693 2182; x_wconf 87' lang='lat' dir='ltr'>suum,</span> 
     </span>
     <span class='ocr_line' id='line_1_28' title="bbox 262 2206 1697 2263; baseline 0.002 -15"><span class='ocrx_word' id='word_1_230' title='bbox 262 2223 362 2248; x_wconf 85' lang='lat' dir='ltr'>eum</span> <span class='ocrx_word' id='word_1_231' title='bbox 391 2206 561 2256; x_wconf 82' lang='lat' dir='ltr'>scilicet,</span> <span class='ocrx_word' id='word_1_232' title='bbox 594 2206 665 2261; x_wconf 87' lang='lat' dir='ltr'>qui</span> <span class='ocrx_word' id='word_1_233' title='bbox 697 2224 832 2262; x_wconf 85' lang='lat' dir='ltr'>paene</span> <span class='ocrx_word' id='word_1_234' title='bbox 852 2207 1075 2249; x_wconf 76' lang='lat' dir='ltr'>videbatur</span> <span class='ocrx_word' id='word_1_235' title='bbox 1094 2209 1329 2260; x_wconf 74' lang='lat' dir='ltr'>exstinctus,</span> <span class='ocrx_word' id='word_1_236' title='bbox 1362 2212 1498 2251; x_wconf 85' lang='lat' dir='ltr'>Jacob</span> <span class='ocrx_word' id='word_1_237' title='bbox 1520 2210 1697 2263; x_wconf 79' lang='lat' dir='ltr'>dicitur3</span> 
     </span>
     <span class='ocr_line' id='line_1_29' title="bbox 259 2283 1692 2340; baseline 0.003 -15"><span class='ocrx_word' id='word_1_238' title='bbox 259 2283 334 2325; x_wconf 80' lang='lat' dir='ltr'>ille</span> <span class='ocrx_word' id='word_1_239' title='bbox 364 2295 518 2334; x_wconf 88' lang='lat' dir='ltr'>autem,</span> <span class='ocrx_word' id='word_1_240' title='bbox 552 2283 623 2339; x_wconf 81' lang='lat' dir='ltr'>qui</span> <span class='ocrx_word' id='word_1_241' title='bbox 657 2283 777 2325; x_wconf 78' lang='lat' dir='ltr'>dicit:</span> <span class='ocrx_word' id='word_1_242' title='bbox 811 2286 1099 2340; x_wconf 80' lang='lat' dir='ltr'>„magnum⁵)</span> <span class='ocrx_word' id='word_1_243' title='bbox 1130 2287 1234 2326; x_wconf 84' lang='lat' dir='ltr'>mihi</span> <span class='ocrx_word' id='word_1_244' title='bbox 1268 2299 1339 2336; x_wconf 88' lang='lat' dir='ltr'>est,</span> <span class='ocrx_word' id='word_1_245' title='bbox 1370 2287 1403 2329; x_wconf 83' lang='lat' dir='ltr'>si</span> <span class='ocrx_word' id='word_1_246' title='bbox 1434 2288 1544 2329; x_wconf 83' lang='lat' dir='ltr'>filius</span> <span class='ocrx_word' id='word_1_247' title='bbox 1574 2306 1692 2330; x_wconf 86' lang='lat' dir='ltr'>meus</span> 
     </span>
    </p>
   </div>
   <div class='ocr_carea' id='block_1_6' title="bbox 261 2360 1695 2417">
    <p class='ocr_par' dir='ltr' id='par_1_7' title="bbox 261 2360 1695 2417">
     <span class='ocr_line' id='line_1_30' title="bbox 261 2360 1695 2417; baseline 0.001 -14"><span class='ocrx_word' id='word_1_248' title='bbox 261 2362 424 2417; x_wconf 81' lang='lat' dir='ltr'>Joseph</span> <span class='ocrx_word' id='word_1_249' title='bbox 457 2360 574 2402; x_wconf 75' lang='lat' dir='ltr'>vivit:</span> <span class='ocrx_word' id='word_1_250' title='bbox 606 2360 752 2416; x_wconf 67' lang='lat' dir='ltr'>„quasi</span> <span class='ocrx_word' id='word_1_251' title='bbox 783 2360 1018 2414; x_wconf 80' lang='lat' dir='ltr'>intelligens</span> <span class='ocrx_word' id='word_1_252' title='bbox 1043 2375 1082 2404; x_wconf 82' lang='lat' dir='ltr'>et</span> <span class='ocrx_word' id='word_1_253' title='bbox 1112 2363 1257 2405; x_wconf 79' lang='lat' dir='ltr'>videns</span> <span class='ocrx_word' id='word_1_254' title='bbox 1289 2381 1485 2417; x_wconf 83' lang='lat' dir='ltr'>magnam</span> <span class='ocrx_word' id='word_1_255' title='bbox 1519 2383 1605 2407; x_wconf 88' lang='lat' dir='ltr'>esse</span> <span class='ocrx_word' id='word_1_256' title='bbox 1636 2366 1695 2406; x_wconf 85' lang='lat' dir='ltr'>vi-</span> 
     </span>
    </p>
   </div>
   <div class='ocr_carea' id='block_1_7' title="bbox 380 2563 848 2617">
    <p class='ocr_par' dir='ltr' id='par_1_8' title="bbox 380 2563 848 2617">
     <span class='ocr_line' id='line_1_31' title="bbox 380 2563 848 2617; baseline 0.006 -13"><span class='ocrx_word' id='word_1_257' title='bbox 380 2564 424 2617; x_wconf 73' lang='lat'>1)</span> <span class='ocrx_word' id='word_1_258' title='bbox 454 2563 528 2606; x_wconf 87' lang='lat' dir='ltr'>Ev.</span> <span class='ocrx_word' id='word_1_259' title='bbox 558 2564 715 2604; x_wconf 88' lang='lat' dir='ltr'>Joann.</span> <span class='ocrx_word' id='word_1_260' title='bbox 747 2565 778 2614; x_wconf 79' lang='lat' dir='ltr'>I,</span> <span class='ocrx_word' id='word_1_261' title='bbox 810 2565 848 2607; x_wconf 88' lang='grc'>4.</span> 
     </span>
    </p>
   </div>
   <div class='ocr_carea' id='block_1_8' title="bbox 262 2633 1690 2733">
    <p class='ocr_par' dir='ltr' id='par_1_9' title="bbox 262 2633 1690 2733">
     <span class='ocr_line' id='line_1_32' title="bbox 310 2633 1690 2698; baseline 0.005 -26"><span class='ocrx_word' id='word_1_262' title='bbox 310 2688 319 2697; x_wconf 94' lang='lat'><strong><em>.</em></strong></span> <span class='ocrx_word' id='word_1_263' title='bbox 355 2634 423 2697; x_wconf 38' lang='lat'>⁸²)</span> <span class='ocrx_word' id='word_1_264' title='bbox 455 2633 565 2698; x_wconf 74' lang='lat' dir='ltr'>Edd.</span> <span class='ocrx_word' id='word_1_265' title='bbox 595 2633 794 2675; x_wconf 80' lang='lat' dir='ltr'>Merlini:</span> <span class='ocrx_word' id='word_1_266' title='bbox 835 2646 874 2676; x_wconf 88' lang='lat' dir='ltr'>et</span> <span class='ocrx_word' id='word_1_267' title='bbox 913 2648 1153 2692; x_wconf 85' lang='lat' dir='ltr'>reparatum</span> <span class='ocrx_word' id='word_1_268' title='bbox 1195 2648 1255 2679; x_wconf 90' lang='lat' dir='ltr'>est</span> <span class='ocrx_word' id='word_1_269' title='bbox 1295 2637 1338 2679; x_wconf 86' lang='lat' dir='ltr'>in</span> <span class='ocrx_word' id='word_1_270' title='bbox 1371 2654 1420 2678; x_wconf 90' lang='lat' dir='ltr'>eo</span> <span class='ocrx_word' id='word_1_271' title='bbox 1451 2639 1595 2690; x_wconf 85' lang='lat' dir='ltr'>fulgur</span> <span class='ocrx_word' id='word_1_272' title='bbox 1625 2639 1690 2679; x_wconf 91' lang='lat' dir='ltr'>lu-</span> 
     </span>
     <span class='ocr_line' id='line_1_33' title="bbox 262 2706 517 2733; baseline 0.004 -3"><span class='ocrx_word' id='word_1_273' title='bbox 262 2706 386 2733; x_wconf 82' lang='lat' dir='ltr'>muns</span> <span class='ocrx_word' id='word_1_274' title='bbox 417 2707 517 2731; x_wconf 75' lang='lat' dir='ltr'>veri.</span> 
     </span>
    </p>
   </div>
   <div class='ocr_carea' id='block_1_9' title="bbox 381 2759 1550 2884">
    <p class='ocr_par' dir='ltr' id='par_1_10' title="bbox 381 2759 1550 2884">
     <span class='ocr_line' id='line_1_34' title="bbox 381 2759 1550 2817; baseline 0.009 -19"><span class='ocrx_word' id='word_1_275' title='bbox 381 2759 426 2814; x_wconf 84' lang='lat'>³)</span> <span class='ocrx_word' id='word_1_276' title='bbox 461 2759 481 2799; x_wconf 96' lang='lat' dir='ltr'>I</span> <span class='ocrx_word' id='word_1_277' title='bbox 512 2760 656 2801; x_wconf 87' lang='lat' dir='ltr'>Thess.</span> <span class='ocrx_word' id='word_1_278' title='bbox 691 2761 740 2809; x_wconf 87' lang='lat' dir='ltr'>V,</span> <span class='ocrx_word' id='word_1_279' title='bbox 776 2761 836 2803; x_wconf 85' lang='lat'>19.</span> <span class='ocrx_word' id='word_1_280' title='bbox 960 2762 1005 2817; x_wconf 71' lang='lat'>⁴)</span> <span class='ocrx_word' id='word_1_281' title='bbox 1040 2763 1190 2806; x_wconf 86' lang='lat' dir='ltr'>Genes.</span> <span class='ocrx_word' id='word_1_282' title='bbox 1223 2763 1355 2814; x_wconf 84' lang='lat' dir='ltr'>XLV,</span> <span class='ocrx_word' id='word_1_283' title='bbox 1385 2765 1452 2807; x_wconf 80' lang='lat'>27.</span> <span class='ocrx_word' id='word_1_284' title='bbox 1483 2765 1550 2809; x_wconf 83' lang='lat'>28-</span> 
     </span>
     <span class='ocr_line' id='line_1_35' title="bbox 384 2829 874 2884; baseline 0.008 -15"><span class='ocrx_word' id='word_1_285' title='bbox 384 2830 428 2884; x_wconf 77' lang='lat'>⁵)</span> <span class='ocrx_word' id='word_1_286' title='bbox 462 2829 615 2872; x_wconf 83' lang='lat' dir='ltr'>Genes.</span> <span class='ocrx_word' id='word_1_287' title='bbox 647 2830 776 2879; x_wconf 77' lang='lat' dir='ltr'>XLV,</span> <span class='ocrx_word' id='word_1_288' title='bbox 807 2832 874 2875; x_wconf 73' lang='grc'>23.</span> 
     </span>
    </p>
   </div>
  </div>
 </body>
</html>
