<?xml version="1.0" encoding="UTF-8"?>
<!DOCTYPE html PUBLIC "-//W3C//DTD XHTML 1.0 Transitional//EN"
    "http://www.w3.org/TR/xhtml1/DTD/xhtml1-transitional.dtd">
<html xmlns="http://www.w3.org/1999/xhtml" xml:lang="en" lang="en">
 <head>
  <title>
</title>
<meta http-equiv="Content-Type" content="text/html;charset=utf-8" />
  <meta name='ocr-system' content='tesseract 3.04.00' />
  <meta name='ocr-capabilities' content='ocr_page ocr_carea ocr_par ocr_line ocrx_word'/>
</head>
<body>
  <div class='ocr_page' id='page_1' title='image "./operaomniaquaegr08orig/operaomniaquaegr08orig_0182.png"; bbox 0 0 1764 3096; ppageno 0'>
   <div class='ocr_carea' id='block_1_1' title="bbox 271 102 1106 146">
    <p class='ocr_par' dir='ltr' id='par_1_1' title="bbox 271 102 1106 146">
     <span class='ocr_line' id='line_1_1' title="bbox 271 102 1106 146; baseline 0 -1"><span class='ocrx_word' id='word_1_1' title='bbox 271 103 357 146; x_wconf 88' lang='grc'><strong>170</strong></span> <span class='ocrx_word' id='word_1_2' title='bbox 712 121 713 125; x_wconf 41' lang='lat'>¹</span> <span class='ocrx_word' id='word_1_3' title='bbox 883 102 1106 146; x_wconf 71' lang='lat' dir='ltr'><strong>Omenms</strong></span> 
     </span>
    </p>
   </div>
   <div class='ocr_carea' id='block_1_2' title="bbox 270 214 1704 1437">
    <p class='ocr_par' dir='ltr' id='par_1_2' title="bbox 270 214 1704 1437">
     <span class='ocr_line' id='line_1_2' title="bbox 270 214 1696 272; baseline 0 -17"><span class='ocrx_word' id='word_1_4' title='bbox 270 225 313 255; x_wconf 88' lang='lat' dir='ltr'><strong>et</strong></span> <span class='ocrx_word' id='word_1_5' title='bbox 342 231 458 257; x_wconf 88' lang='lat' dir='ltr'><strong>nunc</strong></span> <span class='ocrx_word' id='word_1_6' title='bbox 489 215 543 257; x_wconf 90' lang='lat' dir='ltr'><strong>de</strong></span> <span class='ocrx_word' id='word_1_7' title='bbox 573 215 650 266; x_wconf 79' lang='lat' dir='ltr'><strong>his,</strong></span> <span class='ocrx_word' id='word_1_8' title='bbox 680 214 754 272; x_wconf 88' lang='lat' dir='ltr'><strong>qui</strong></span> <span class='ocrx_word' id='word_1_9' title='bbox 783 215 977 258; x_wconf 79' lang='lat' dir='ltr'><strong>habitant</strong></span> <span class='ocrx_word' id='word_1_10' title='bbox 1007 216 1052 258; x_wconf 89' lang='lat' dir='ltr'><strong>in</strong></span> <span class='ocrx_word' id='word_1_11' title='bbox 1085 215 1312 268; x_wconf 80' lang='lat' dir='ltr'><strong>Sodomis,</strong></span> <span class='ocrx_word' id='word_1_12' title='bbox 1343 214 1524 268; x_wconf 82' lang='lat' dir='ltr'><strong>dicitur,</strong></span> <span class='ocrx_word' id='word_1_13' title='bbox 1554 231 1614 269; x_wconf 87' lang='lat' dir='ltr'><strong>ut,</strong></span> <span class='ocrx_word' id='word_1_14' title='bbox 1643 221 1696 263; x_wconf 72' lang='lat' dir='ltr'><strong>si-</strong></span> 
     </span>
     <span class='ocr_line' id='line_1_3' title="bbox 272 291 1700 352; baseline 0.005 -20"><span class='ocrx_word' id='word_1_15' title='bbox 272 291 447 348; x_wconf 88' lang='lat' dir='ltr'><strong>quidem</strong></span> <span class='ocrx_word' id='word_1_16' title='bbox 475 295 711 336; x_wconf 89' lang='lat' dir='ltr'><strong>secundum</strong></span> <span class='ocrx_word' id='word_1_17' title='bbox 743 295 990 345; x_wconf 85' lang='lat' dir='ltr'><strong>clamorem,</strong></span> <span class='ocrx_word' id='word_1_18' title='bbox 1022 295 1095 352; x_wconf 88' lang='lat' dir='ltr'><strong>qui</strong></span> <span class='ocrx_word' id='word_1_19' title='bbox 1126 293 1346 336; x_wconf 84' lang='lat' dir='ltr'><strong>adscendit</strong></span> <span class='ocrx_word' id='word_1_20' title='bbox 1374 295 1429 335; x_wconf 88' lang='lat' dir='ltr'><strong>ad</strong></span> <span class='ocrx_word' id='word_1_21' title='bbox 1447 295 1700 349; x_wconf 84' lang='lat' dir='ltr'><strong>Dominum,</strong></span> 
     </span>
     <span class='ocr_line' id='line_1_4' title="bbox 271 370 1701 430; baseline 0.002 -18"><span class='ocrx_word' id='word_1_22' title='bbox 271 371 449 427; x_wconf 83' lang='lat' dir='ltr'><strong>actus¹)</strong></span> <span class='ocrx_word' id='word_1_23' title='bbox 497 387 647 413; x_wconf 90' lang='lat' dir='ltr'><strong>eorum</strong></span> <span class='ocrx_word' id='word_1_24' title='bbox 687 383 1060 423; x_wconf 80' lang='lat' dir='ltr'><strong>consummentur,</strong></span> <span class='ocrx_word' id='word_1_25' title='bbox 1108 372 1289 413; x_wconf 84' lang='lat' dir='ltr'><strong>notione</strong></span> <span class='ocrx_word' id='word_1_26' title='bbox 1329 370 1418 428; x_wconf 75' lang='lat' dir='ltr'><strong>ejus</strong></span> <span class='ocrx_word' id='word_1_27' title='bbox 1457 371 1701 430; x_wconf 83' lang='lat' dir='ltr'><strong>judicentur</strong></span> 
     </span>
     <span class='ocr_line' id='line_1_5' title="bbox 270 439 1701 506; baseline 0.003 -17"><span class='ocrx_word' id='word_1_28' title='bbox 270 448 454 503; x_wconf 80' lang='lat' dir='ltr'><strong>indigni3</strong></span> <span class='ocrx_word' id='word_1_29' title='bbox 482 450 515 491; x_wconf 85' lang='lat' dir='ltr'><strong>si</strong></span> <span class='ocrx_word' id='word_1_30' title='bbox 544 467 645 491; x_wconf 78' lang='lat' dir='ltr'><strong>vero</strong></span> <span class='ocrx_word' id='word_1_31' title='bbox 679 461 739 491; x_wconf 89' lang='lat' dir='ltr'><strong>est</strong></span> <span class='ocrx_word' id='word_1_32' title='bbox 769 439 848 491; x_wconf 75' lang='lat' dir='ltr'><strong>illis</strong></span> <span class='ocrx_word' id='word_1_33' title='bbox 881 450 1022 506; x_wconf 77' lang='lat' dir='ltr'><strong>aliqua</strong></span> <span class='ocrx_word' id='word_1_34' title='bbox 1054 450 1289 500; x_wconf 78' lang='lat' dir='ltr'>conversio,</span> <span class='ocrx_word' id='word_1_35' title='bbox 1318 449 1353 491; x_wconf 82' lang='lat' dir='ltr'><strong>si</strong></span> <span class='ocrx_word' id='word_1_36' title='bbox 1382 450 1448 492; x_wconf 77' lang='lat' dir='ltr'><strong>vel</strong></span> <span class='ocrx_word' id='word_1_37' title='bbox 1479 452 1627 492; x_wconf 90' lang='lat' dir='ltr'><strong>decem</strong></span> <span class='ocrx_word' id='word_1_38' title='bbox 1657 452 1701 493; x_wconf 85' lang='lat' dir='ltr'><strong>in</strong></span> 
     </span>
     <span class='ocr_line' id='line_1_6' title="bbox 270 525 1700 585; baseline 0.004 -19"><span class='ocrx_word' id='word_1_39' title='bbox 270 525 352 568; x_wconf 79' lang='lat' dir='ltr'><strong>illis</strong></span> <span class='ocrx_word' id='word_1_40' title='bbox 390 527 549 568; x_wconf 79' lang='lat' dir='ltr'><strong>inventi</strong></span> <span class='ocrx_word' id='word_1_41' title='bbox 592 527 750 568; x_wconf 79' lang='lat' dir='ltr'><strong>fuerint</strong></span> <span class='ocrx_word' id='word_1_42' title='bbox 786 526 907 585; x_wconf 78' lang='lat' dir='ltr'><strong>justi,</strong></span> <span class='ocrx_word' id='word_1_43' title='bbox 942 528 998 569; x_wconf 81' lang='lat' dir='ltr'><strong>ita</strong></span> <span class='ocrx_word' id='word_1_44' title='bbox 1040 528 1215 570; x_wconf 88' lang='lat' dir='ltr'><strong>demum</strong></span> <span class='ocrx_word' id='word_1_45' title='bbox 1255 527 1423 569; x_wconf 80' lang='lat' dir='ltr'><strong>noverit</strong></span> <span class='ocrx_word' id='word_1_46' title='bbox 1467 545 1539 570; x_wconf 86' lang='lat' dir='ltr'><strong>eos</strong></span> <span class='ocrx_word' id='word_1_47' title='bbox 1570 530 1700 572; x_wconf 85' lang='lat' dir='ltr'><strong>Deus.</strong></span> 
     </span>
     <span class='ocr_line' id='line_1_7' title="bbox 270 595 1702 663; baseline 0.002 -18"><span class='ocrx_word' id='word_1_48' title='bbox 270 604 328 645; x_wconf 90' lang='lat' dir='ltr'><strong>Et</strong></span> <span class='ocrx_word' id='word_1_49' title='bbox 356 604 454 646; x_wconf 68' lang='lat' dir='ltr'><strong>ideo</strong></span> <span class='ocrx_word' id='word_1_50' title='bbox 488 604 610 646; x_wconf 67' lang='lat' dir='ltr'><strong>dixit:</strong></span> <span class='ocrx_word' id='word_1_51' title='bbox 642 604 794 660; x_wconf 78' lang='lat' dir='ltr'><strong>,‚sin²)</strong></span> <span class='ocrx_word' id='word_1_52' title='bbox 825 606 1042 663; x_wconf 44' lang='lat' dir='ltr'><strong>autemst)</strong></span> <span class='ocrx_word' id='word_1_53' title='bbox 1075 595 1123 648; x_wconf 69' lang='lat' dir='ltr'><strong>u&#39;t</strong></span> <span class='ocrx_word' id='word_1_54' title='bbox 1153 606 1320 648; x_wconf 63' lang='lat' dir='ltr'><strong>sciamf·</strong></span> <span class='ocrx_word' id='word_1_55' title='bbox 1378 607 1481 647; x_wconf 63' lang='lat' dir='ltr'><strong>Non</strong></span> <span class='ocrx_word' id='word_1_56' title='bbox 1512 606 1629 658; x_wconf 71' lang='lat' dir='ltr'><strong>dixit,</strong></span> <span class='ocrx_word' id='word_1_57' title='bbox 1656 619 1702 648; x_wconf 66' lang='lat' dir='ltr'><strong>ut</strong></span> 
     </span>
     <span class='ocr_line' id='line_1_8' title="bbox 270 681 1701 738; baseline 0.003 -16"><span class='ocrx_word' id='word_1_58' title='bbox 270 682 412 733; x_wconf 84' lang='lat' dir='ltr'><strong>sciam,</strong></span> <span class='ocrx_word' id='word_1_59' title='bbox 444 681 547 738; x_wconf 84' lang='lat' dir='ltr'><strong>quid</strong></span> <span class='ocrx_word' id='word_1_60' title='bbox 577 695 720 735; x_wconf 84' lang='lat' dir='ltr'><strong>agunt,</strong></span> <span class='ocrx_word' id='word_1_61' title='bbox 750 684 824 725; x_wconf 86' lang='lat' dir='ltr'><strong>sed</strong></span> <span class='ocrx_word' id='word_1_62' title='bbox 853 695 901 724; x_wconf 90' lang='lat' dir='ltr'><strong>ut</strong></span> <span class='ocrx_word' id='word_1_63' title='bbox 932 682 1044 738; x_wconf 81' lang='lat' dir='ltr'><strong>ipsos</strong></span> <span class='ocrx_word' id='word_1_64' title='bbox 1074 682 1217 732; x_wconf 80' lang='lat' dir='ltr'><strong>seiam,</strong></span> <span class='ocrx_word' id='word_1_65' title='bbox 1247 695 1287 723; x_wconf 90' lang='lat' dir='ltr'><strong>et</strong></span> <span class='ocrx_word' id='word_1_66' title='bbox 1310 682 1481 725; x_wconf 84' lang='lat' dir='ltr'><strong>scientia</strong></span> <span class='ocrx_word' id='word_1_67' title='bbox 1511 701 1607 725; x_wconf 86' lang='lat' dir='ltr'><strong>mea</strong></span> <span class='ocrx_word' id='word_1_68' title='bbox 1637 685 1701 726; x_wconf 88' lang='lat' dir='ltr'><strong>di-</strong></span> 
     </span>
     <span class='ocr_line' id='line_1_9' title="bbox 271 758 1700 818; baseline 0.002 -18"><span class='ocrx_word' id='word_1_69' title='bbox 271 776 378 813; x_wconf 88' lang='lat' dir='ltr'><strong>gnos</strong></span> <span class='ocrx_word' id='word_1_70' title='bbox 409 759 575 810; x_wconf 80' lang='lat' dir='ltr'><strong>faciam,</strong></span> <span class='ocrx_word' id='word_1_71' title='bbox 605 760 641 802; x_wconf 84' lang='lat' dir='ltr'><strong>si</strong></span> <span class='ocrx_word' id='word_1_72' title='bbox 673 778 780 816; x_wconf 89' lang='lat' dir='ltr'><strong>quos</strong></span> <span class='ocrx_word' id='word_1_73' title='bbox 811 760 855 802; x_wconf 85' lang='lat' dir='ltr'><strong>in</strong></span> <span class='ocrx_word' id='word_1_74' title='bbox 887 758 985 816; x_wconf 68' lang='lat' dir='ltr'><strong>ipsis</strong></span> <span class='ocrx_word' id='word_1_75' title='bbox 1015 759 1224 801; x_wconf 74' lang='lat' dir='ltr'><strong>inveniam</strong></span> <span class='ocrx_word' id='word_1_76' title='bbox 1255 758 1402 815; x_wconf 83' lang='lat' dir='ltr'><strong>justos,</strong></span> <span class='ocrx_word' id='word_1_77' title='bbox 1432 761 1466 803; x_wconf 86' lang='lat' dir='ltr'><strong>si</strong></span> <span class='ocrx_word' id='word_1_78' title='bbox 1498 779 1606 818; x_wconf 88' lang='lat' dir='ltr'><strong>quos</strong></span> <span class='ocrx_word' id='word_1_79' title='bbox 1635 762 1700 803; x_wconf 85' lang='lat' dir='ltr'><strong>in-</strong></span> 
     </span>
     <span class='ocr_line' id='line_1_10' title="bbox 271 837 1704 895; baseline 0.003 -17"><span class='ocrx_word' id='word_1_80' title='bbox 271 837 439 879; x_wconf 83' lang='lat' dir='ltr'><strong>veniam</strong></span> <span class='ocrx_word' id='word_1_81' title='bbox 477 837 767 894; x_wconf 82' lang='lat' dir='ltr'><strong>poenitentes,</strong></span> <span class='ocrx_word' id='word_1_82' title='bbox 814 838 848 881; x_wconf 82' lang='lat' dir='ltr'><strong>si</strong></span> <span class='ocrx_word' id='word_1_83' title='bbox 899 856 1006 895; x_wconf 90' lang='lat' dir='ltr'><strong>quos</strong></span> <span class='ocrx_word' id='word_1_84' title='bbox 1045 838 1171 888; x_wconf 77' lang='lat' dir='ltr'><strong>tales,</strong></span> <span class='ocrx_word' id='word_1_85' title='bbox 1215 854 1322 894; x_wconf 90' lang='lat' dir='ltr'><strong>quos</strong></span> <span class='ocrx_word' id='word_1_86' title='bbox 1364 841 1544 881; x_wconf 80' lang='lat' dir='ltr'><strong>debeam</strong></span> <span class='ocrx_word' id='word_1_87' title='bbox 1584 839 1704 882; x_wconf 81' lang='lat' dir='ltr'><strong>scire.</strong></span> 
     </span>
     <span class='ocr_line' id='line_1_11' title="bbox 271 915 1701 974; baseline 0.001 -17"><span class='ocrx_word' id='word_1_88' title='bbox 271 915 473 972; x_wconf 86' lang='lat' dir='ltr'><strong>Denique</strong></span> <span class='ocrx_word' id='word_1_89' title='bbox 504 915 602 972; x_wconf 80' lang='lat' dir='ltr'><strong>quia</strong></span> <span class='ocrx_word' id='word_1_90' title='bbox 632 917 796 967; x_wconf 86' lang='lat' dir='ltr'><strong>nullus,</strong></span> <span class='ocrx_word' id='word_1_91' title='bbox 828 916 900 972; x_wconf 84' lang='lat' dir='ltr'><strong>qui</strong></span> <span class='ocrx_word' id='word_1_92' title='bbox 931 915 1192 974; x_wconf 83' lang='lat' dir='ltr'><strong>poeniteret,</strong></span> <span class='ocrx_word' id='word_1_93' title='bbox 1232 916 1387 966; x_wconf 76' lang='lat' dir='ltr'><strong>nullus,</strong></span> <span class='ocrx_word' id='word_1_94' title='bbox 1421 916 1493 972; x_wconf 85' lang='lat' dir='ltr'><strong>qui</strong></span> <span class='ocrx_word' id='word_1_95' title='bbox 1525 934 1701 958; x_wconf 82' lang='lat' dir='ltr'><strong>couver-</strong></span> 
     </span>
     <span class='ocr_line' id='line_1_12' title="bbox 270 992 1700 1050; baseline 0 -15"><span class='ocrx_word' id='word_1_96' title='bbox 270 1006 444 1044; x_wconf 83' lang='lat' dir='ltr'><strong>teretur,</strong></span> <span class='ocrx_word' id='word_1_97' title='bbox 475 994 579 1035; x_wconf 84' lang='lat' dir='ltr'><strong>alius</strong></span> <span class='ocrx_word' id='word_1_98' title='bbox 609 993 803 1036; x_wconf 79' lang='lat' dir='ltr'><strong>inventus</strong></span> <span class='ocrx_word' id='word_1_99' title='bbox 838 1006 910 1044; x_wconf 80' lang='lat' dir='ltr'><strong>est,</strong></span> <span class='ocrx_word' id='word_1_100' title='bbox 940 1005 1108 1050; x_wconf 84' lang='lat' dir='ltr'><strong>praeter</strong></span> <span class='ocrx_word' id='word_1_101' title='bbox 1133 994 1228 1044; x_wconf 84' lang='lat' dir='ltr'><strong>Lot,</strong></span> <span class='ocrx_word' id='word_1_102' title='bbox 1259 992 1409 1049; x_wconf 65' lang='lat' dir='ltr'><strong>ip504)</strong></span> <span class='ocrx_word' id='word_1_103' title='bbox 1429 995 1544 1035; x_wconf 84' lang='lat' dir='ltr'><strong>solus</strong></span> <span class='ocrx_word' id='word_1_104' title='bbox 1569 1011 1700 1046; x_wconf 83' lang='lat' dir='ltr'><strong>agno-</strong></span> 
     </span>
     <span class='ocr_line' id='line_1_13' title="bbox 271 1068 1701 1127; baseline 0.001 -16"><span class='ocrx_word' id='word_1_105' title='bbox 271 1070 416 1121; x_wconf 80' lang='lat' dir='ltr'>scitur,</span> <span class='ocrx_word' id='word_1_106' title='bbox 445 1070 536 1127; x_wconf 88' lang='lat' dir='ltr'><strong>ipse</strong></span> <span class='ocrx_word' id='word_1_107' title='bbox 564 1072 681 1113; x_wconf 85' lang='lat' dir='ltr'><strong>solus</strong></span> <span class='ocrx_word' id='word_1_108' title='bbox 713 1072 766 1112; x_wconf 89' lang='lat' dir='ltr'><strong>de</strong></span> <span class='ocrx_word' id='word_1_109' title='bbox 796 1071 994 1112; x_wconf 83' lang='lat' dir='ltr'><strong>incendio</strong></span> <span class='ocrx_word' id='word_1_110' title='bbox 1037 1071 1256 1113; x_wconf 79' lang='lat' dir='ltr'><strong>liberatur.</strong></span> <span class='ocrx_word' id='word_1_111' title='bbox 1323 1068 1414 1113; x_wconf 72' lang='lat' dir='ltr'><strong>Nec</strong></span> <span class='ocrx_word' id='word_1_112' title='bbox 1455 1071 1598 1124; x_wconf 81' lang='lat' dir='ltr'><strong>generi</strong></span> <span class='ocrx_word' id='word_1_113' title='bbox 1636 1089 1701 1114; x_wconf 87' lang='lat' dir='ltr'><strong>se-</strong></span> 
     </span>
     <span class='ocr_line' id='line_1_14' title="bbox 273 1146 1701 1204; baseline 0.001 -16"><span class='ocrx_word' id='word_1_114' title='bbox 273 1148 529 1204; x_wconf 85' lang='lat' dir='ltr'><strong>quuntur⁵)</strong></span> <span class='ocrx_word' id='word_1_115' title='bbox 560 1146 781 1198; x_wconf 77' lang='lat' dir='ltr'><strong>admoniti,</strong></span> <span class='ocrx_word' id='word_1_116' title='bbox 811 1165 889 1189; x_wconf 88' lang='lat' dir='ltr'><strong>nec</strong></span> <span class='ocrx_word' id='word_1_117' title='bbox 920 1148 1068 1199; x_wconf 80' lang='lat' dir='ltr'><strong>vicini,</strong></span> <span class='ocrx_word' id='word_1_118' title='bbox 1097 1165 1176 1189; x_wconf 90' lang='lat' dir='ltr'><strong>nec</strong></span> <span class='ocrx_word' id='word_1_119' title='bbox 1205 1148 1414 1204; x_wconf 82' lang='lat' dir='ltr'><strong>proximi,</strong></span> <span class='ocrx_word' id='word_1_120' title='bbox 1452 1149 1596 1189; x_wconf 86' lang='lat' dir='ltr'><strong>nullus</strong></span> <span class='ocrx_word' id='word_1_121' title='bbox 1629 1165 1701 1190; x_wconf 89' lang='lat' dir='ltr'><strong>co-</strong></span> 
     </span>
     <span class='ocr_line' id='line_1_15' title="bbox 271 1225 1701 1279; baseline 0 -13"><span class='ocrx_word' id='word_1_122' title='bbox 271 1243 476 1279; x_wconf 84' lang='lat' dir='ltr'><strong>gnoscere</strong></span> <span class='ocrx_word' id='word_1_123' title='bbox 506 1226 642 1267; x_wconf 84' lang='lat' dir='ltr'><strong>voluit</strong></span> <span class='ocrx_word' id='word_1_124' title='bbox 672 1225 939 1267; x_wconf 74' lang='lat' dir='ltr'><strong>clementiam</strong></span> <span class='ocrx_word' id='word_1_125' title='bbox 968 1225 1075 1275; x_wconf 89' lang='lat' dir='ltr'><strong>Dei,</strong></span> <span class='ocrx_word' id='word_1_126' title='bbox 1104 1226 1247 1267; x_wconf 88' lang='lat' dir='ltr'><strong>nullus</strong></span> <span class='ocrx_word' id='word_1_127' title='bbox 1283 1228 1338 1267; x_wconf 88' lang='lat' dir='ltr'><strong>ad</strong></span> <span class='ocrx_word' id='word_1_128' title='bbox 1368 1225 1701 1267; x_wconf 83' lang='lat' dir='ltr'><strong>misericordiam</strong></span> 
     </span>
     <span class='ocr_line' id='line_1_16' title="bbox 272 1301 1701 1361; baseline -0.002 -16"><span class='ocrx_word' id='word_1_129' title='bbox 272 1303 362 1359; x_wconf 80' lang='lat' dir='ltr'><strong>ejus</strong></span> <span class='ocrx_word' id='word_1_130' title='bbox 394 1305 637 1361; x_wconf 83' lang='lat' dir='ltr'><strong>confugere.</strong></span> <span class='ocrx_word' id='word_1_131' title='bbox 696 1303 864 1345; x_wconf 82' lang='lat' dir='ltr'><strong>Idcirco</strong></span> <span class='ocrx_word' id='word_1_132' title='bbox 899 1314 939 1344; x_wconf 88' lang='lat' dir='ltr'><strong>et</strong></span> <span class='ocrx_word' id='word_1_133' title='bbox 970 1304 1114 1344; x_wconf 90' lang='lat' dir='ltr'><strong>nullus</strong></span> <span class='ocrx_word' id='word_1_134' title='bbox 1145 1303 1401 1356; x_wconf 80' lang='lat' dir='ltr'><strong>agnoscitur.</strong></span> <span class='ocrx_word' id='word_1_135' title='bbox 1459 1301 1576 1342; x_wconf 80' lang='lat' dir='ltr'><strong>Haec</strong></span> <span class='ocrx_word' id='word_1_136' title='bbox 1609 1303 1701 1358; x_wconf 89' lang='lat' dir='ltr'><strong>qui—</strong></span> 
     </span>
     <span class='ocr_line' id='line_1_17' title="bbox 271 1379 1703 1437; baseline -0.001 -15"><span class='ocrx_word' id='word_1_137' title='bbox 271 1383 373 1423; x_wconf 89' lang='lat' dir='ltr'><strong>dem</strong></span> <span class='ocrx_word' id='word_1_138' title='bbox 402 1383 600 1423; x_wconf 87' lang='lat' dir='ltr'><strong>adversus</strong></span> <span class='ocrx_word' id='word_1_139' title='bbox 632 1397 729 1431; x_wconf 83' lang='lat' dir='ltr'><strong>eos,</strong></span> <span class='ocrx_word' id='word_1_140' title='bbox 771 1381 845 1437; x_wconf 86' lang='lat' dir='ltr'><strong>qui</strong></span> <span class='ocrx_word' id='word_1_141' title='bbox 886 1381 1154 1437; x_wconf 74' lang='lat' dir='ltr'><strong>iniquitatem</strong></span> <span class='ocrx_word' id='word_1_142' title='bbox 1198 1380 1242 1420; x_wconf 90' lang='lat' dir='ltr'><strong>in</strong></span> <span class='ocrx_word' id='word_1_143' title='bbox 1273 1380 1484 1422; x_wconf 84' lang='lat' dir='ltr'><strong>excelsum</strong></span> <span class='ocrx_word' id='word_1_144' title='bbox 1513 1379 1703 1435; x_wconf 89' lang='lat' dir='ltr'><strong>loquun—</strong></span> 
     </span>
    </p>
   </div>
   <div class='ocr_carea' id='block_1_3' title="bbox 270 1457 1764 1515">
    <p class='ocr_par' dir='ltr' id='par_1_3' title="bbox 270 1457 1764 1515">
     <span class='ocr_line' id='line_1_18' title="bbox 270 1457 1764 1515; baseline -0.002 -14"><span class='ocrx_word' id='word_1_145' title='bbox 270 1460 416 1515; x_wconf 76' lang='lat' dir='ltr'><strong>tur-⁶)</strong></span> <span class='ocrx_word' id='word_1_146' title='bbox 445 1462 536 1502; x_wconf 69' lang='lat' dir='ltr'><strong>Nos</strong></span> <span class='ocrx_word' id='word_1_147' title='bbox 566 1477 668 1501; x_wconf 90' lang='lat' dir='ltr'><strong>vero</strong></span> <span class='ocrx_word' id='word_1_148' title='bbox 702 1476 878 1515; x_wconf 81' lang='lat' dir='ltr'><strong>operam</strong></span> <span class='ocrx_word' id='word_1_149' title='bbox 910 1461 1060 1501; x_wconf 89' lang='lat' dir='ltr'><strong>demus</strong></span> <span class='ocrx_word' id='word_1_150' title='bbox 1089 1459 1193 1500; x_wconf 84' lang='lat' dir='ltr'><strong>tales</strong></span> <span class='ocrx_word' id='word_1_151' title='bbox 1233 1457 1344 1499; x_wconf 79' lang='lat' dir='ltr'><strong>effici</strong></span> <span class='ocrx_word' id='word_1_152' title='bbox 1375 1469 1490 1498; x_wconf 86' lang='lat' dir='ltr'><strong>actus</strong></span> <span class='ocrx_word' id='word_1_153' title='bbox 1520 1468 1704 1509; x_wconf 84' lang='lat' dir='ltr'><strong>nostros,</strong></span> <span class='ocrx_word' id='word_1_154' title='bbox 1762 1487 1764 1494; x_wconf 77' lang='grc'>.</span> 
     </span>
    </p>
   </div>
   <div class='ocr_carea' id='block_1_4' title="bbox 272 1535 1764 1590">
    <p class='ocr_par' dir='ltr' id='par_1_4' title="bbox 272 1535 1764 1590">
     <span class='ocr_line' id='line_1_19' title="bbox 272 1535 1764 1590; baseline -0.001 -13"><span class='ocrx_word' id='word_1_155' title='bbox 272 1538 403 1579; x_wconf 86' lang='lat' dir='ltr'><strong>talem</strong></span> <span class='ocrx_word' id='word_1_156' title='bbox 433 1537 799 1579; x_wconf 76' lang='lat' dir='ltr'><strong>conversationem</strong></span> <span class='ocrx_word' id='word_1_157' title='bbox 829 1549 1034 1587; x_wconf 86' lang='lat' dir='ltr'><strong>nostram,</strong></span> <span class='ocrx_word' id='word_1_158' title='bbox 1065 1548 1114 1577; x_wconf 86' lang='lat' dir='ltr'><strong>ut</strong></span> <span class='ocrx_word' id='word_1_159' title='bbox 1145 1536 1260 1590; x_wconf 80' lang='lat' dir='ltr'><strong>djgni</strong></span> <span class='ocrx_word' id='word_1_160' title='bbox 1289 1537 1525 1576; x_wconf 80' lang='lat' dir='ltr'><strong>habeamur</strong></span> <span class='ocrx_word' id='word_1_161' title='bbox 1553 1535 1705 1576; x_wconf 81' lang='lat' dir='ltr'><strong>notitia</strong></span> <span class='ocrx_word' id='word_1_162' title='bbox 1761 1556 1764 1576; x_wconf 66' lang='lat'><em>÷</em></span> 
     </span>
    </p>
   </div>
   <div class='ocr_carea' id='block_1_5' title="bbox 272 1608 1764 1671">
    <p class='ocr_par' dir='ltr' id='par_1_5' title="bbox 272 1608 1764 1671">
     <span class='ocr_line' id='line_1_20' title="bbox 272 1608 1764 1671; baseline -0.001 -16"><span class='ocrx_word' id='word_1_163' title='bbox 272 1615 372 1666; x_wconf 85' lang='lat' dir='ltr'><strong>Dei,</strong></span> <span class='ocrx_word' id='word_1_164' title='bbox 401 1627 449 1656; x_wconf 91' lang='lat' dir='ltr'><strong>ut</strong></span> <span class='ocrx_word' id='word_1_165' title='bbox 476 1632 557 1657; x_wconf 86' lang='lat' dir='ltr'><strong>nos</strong></span> <span class='ocrx_word' id='word_1_166' title='bbox 586 1615 693 1657; x_wconf 85' lang='lat' dir='ltr'><strong>scire</strong></span> <span class='ocrx_word' id='word_1_167' title='bbox 725 1615 950 1668; x_wconf 84' lang='lat' dir='ltr'><strong>dignetur,</strong></span> <span class='ocrx_word' id='word_1_168' title='bbox 980 1627 1029 1656; x_wconf 90' lang='lat' dir='ltr'><strong>ut</strong></span> <span class='ocrx_word' id='word_1_169' title='bbox 1059 1614 1174 1668; x_wconf 82' lang='lat' dir='ltr'><strong>digni</strong></span> <span class='ocrx_word' id='word_1_170' title='bbox 1206 1616 1441 1655; x_wconf 84' lang='lat' dir='ltr'><strong>habeamur</strong></span> <span class='ocrx_word' id='word_1_171' title='bbox 1469 1613 1621 1655; x_wconf 87' lang='lat' dir='ltr'><strong>notitia</strong></span> <span class='ocrx_word' id='word_1_172' title='bbox 1653 1614 1701 1653; x_wconf 83' lang='lat' dir='ltr'><strong>fi-</strong></span> <span class='ocrx_word' id='word_1_173' title='bbox 1755 1608 1764 1671; x_wconf 33' lang='grc' dir='ltr'><strong>Ι]</strong></span> 
     </span>
    </p>
   </div>
   <div class='ocr_carea' id='block_1_6' title="bbox 272 1690 1764 1751">
    <p class='ocr_par' dir='ltr' id='par_1_6' title="bbox 272 1690 1764 1751">
     <span class='ocr_line' id='line_1_21' title="bbox 272 1690 1764 1751; baseline -0.003 -17"><span class='ocrx_word' id='word_1_174' title='bbox 272 1693 320 1734; x_wconf 84' lang='lat' dir='ltr'><strong>lii</strong></span> <span class='ocrx_word' id='word_1_175' title='bbox 350 1693 441 1751; x_wconf 77' lang='lat' dir='ltr'><strong>ejus</strong></span> <span class='ocrx_word' id='word_1_176' title='bbox 471 1695 574 1734; x_wconf 86' lang='lat' dir='ltr'><strong>Jesu</strong></span> <span class='ocrx_word' id='word_1_177' title='bbox 616 1692 793 1742; x_wconf 81' lang='lat' dir='ltr'><strong>Christi,</strong></span> <span class='ocrx_word' id='word_1_178' title='bbox 845 1704 885 1734; x_wconf 88' lang='lat' dir='ltr'><strong>et</strong></span> <span class='ocrx_word' id='word_1_179' title='bbox 901 1693 946 1747; x_wconf 84' lang='lat'><strong>⁷)</strong></span> <span class='ocrx_word' id='word_1_180' title='bbox 983 1692 1135 1733; x_wconf 81' lang='lat' dir='ltr'><strong>notitia</strong></span> <span class='ocrx_word' id='word_1_181' title='bbox 1176 1691 1360 1747; x_wconf 80' lang='lat' dir='ltr'><strong>Spiritus</strong></span> <span class='ocrx_word' id='word_1_182' title='bbox 1399 1691 1553 1732; x_wconf 83' lang='lat' dir='ltr'><strong>sancti:</strong></span> <span class='ocrx_word' id='word_1_183' title='bbox 1594 1690 1703 1744; x_wconf 78' lang='lat' dir='ltr'><strong>ut⁸)</strong></span> <span class='ocrx_word' id='word_1_184' title='bbox 1762 1693 1764 1698; x_wconf 75' lang='grc'>’</span> 
     </span>
    </p>
   </div>
   <div class='ocr_carea' id='block_1_7' title="bbox 272 1768 1764 1825">
    <p class='ocr_par' dir='ltr' id='par_1_7' title="bbox 272 1768 1764 1825">
     <span class='ocr_line' id='line_1_22' title="bbox 272 1768 1764 1825; baseline -0.001 -12"><span class='ocrx_word' id='word_1_185' title='bbox 272 1771 402 1825; x_wconf 83' lang='lat' dir='ltr'><strong>agniti</strong></span> <span class='ocrx_word' id='word_1_186' title='bbox 433 1787 457 1812; x_wconf 86' lang='lat' dir='ltr'><strong>a</strong></span> <span class='ocrx_word' id='word_1_187' title='bbox 489 1770 710 1820; x_wconf 85' lang='lat' dir='ltr'><strong>Trinitate‚</strong></span> <span class='ocrx_word' id='word_1_188' title='bbox 741 1782 782 1811; x_wconf 86' lang='lat' dir='ltr'><strong>et</strong></span> <span class='ocrx_word' id='word_1_189' title='bbox 811 1787 890 1812; x_wconf 87' lang='lat' dir='ltr'><strong>nos</strong></span> <span class='ocrx_word' id='word_1_190' title='bbox 921 1781 1234 1811; x_wconf 86' lang='lat' dir='ltr'><strong>sacramentum</strong></span> <span class='ocrx_word' id='word_1_191' title='bbox 1257 1768 1474 1810; x_wconf 84' lang='lat' dir='ltr'><strong>Trinitatis</strong></span> <span class='ocrx_word' id='word_1_192' title='bbox 1505 1770 1631 1824; x_wconf 82' lang='lat' dir='ltr'><strong>plene</strong></span> <span class='ocrx_word' id='word_1_193' title='bbox 1662 1781 1702 1809; x_wconf 88' lang='lat' dir='ltr'><strong>et</strong></span> <span class='ocrx_word' id='word_1_194' title='bbox 1754 1790 1764 1812; x_wconf 71' lang='grc' dir='ltr'><strong>«ι</strong></span> 
     </span>
    </p>
   </div>
   <div class='ocr_carea' id='block_1_8' title="bbox 272 1845 1764 1905">
    <p class='ocr_par' dir='ltr' id='par_1_8' title="bbox 272 1845 1764 1905">
     <span class='ocr_line' id='line_1_23' title="bbox 272 1845 1764 1905; baseline -0.003 -14"><span class='ocrx_word' id='word_1_195' title='bbox 272 1850 435 1903; x_wconf 84' lang='lat' dir='ltr'><strong>integre</strong></span> <span class='ocrx_word' id='word_1_196' title='bbox 464 1861 506 1891; x_wconf 86' lang='lat' dir='ltr'><strong>et</strong></span> <span class='ocrx_word' id='word_1_197' title='bbox 534 1849 723 1905; x_wconf 87' lang='lat' dir='ltr'><strong>perfecte</strong></span> <span class='ocrx_word' id='word_1_198' title='bbox 751 1865 994 1890; x_wconf 87' lang='lat' dir='ltr'><strong>mereamur</strong></span> <span class='ocrx_word' id='word_1_199' title='bbox 1023 1863 1276 1901; x_wconf 80' lang='lat' dir='ltr'><strong>agnoscere,</strong></span> <span class='ocrx_word' id='word_1_200' title='bbox 1323 1847 1537 1888; x_wconf 82' lang='lat' dir='ltr'><strong>revelante</strong></span> <span class='ocrx_word' id='word_1_201' title='bbox 1576 1845 1702 1888; x_wconf 78' lang='lat' dir='ltr'><strong>nobis</strong></span> <span class='ocrx_word' id='word_1_202' title='bbox 1761 1847 1764 1854; x_wconf 87' lang='lat'>&#39;</span> 
     </span>
    </p>
   </div>
   <div class='ocr_carea' id='block_1_9' title="bbox 271 2029 1764 2144">
    <p class='ocr_par' dir='ltr' id='par_1_9' title="bbox 271 2029 1764 2144">
     <span class='ocr_line' id='line_1_24' title="bbox 392 2029 1764 2088; baseline -0.004 -14"><span class='ocrx_word' id='word_1_203' title='bbox 392 2034 436 2088; x_wconf 79' lang='grc'><strong>1)</strong></span> <span class='ocrx_word' id='word_1_204' title='bbox 469 2031 631 2074; x_wconf 85' lang='lat' dir='ltr'><strong>Omnes</strong></span> <span class='ocrx_word' id='word_1_205' title='bbox 670 2031 771 2072; x_wconf 57' lang='lat' dir='ltr'><strong>BIss.</strong></span> <span class='ocrx_word' id='word_1_206' title='bbox 816 2041 958 2079; x_wconf 82' lang='lat' dir='ltr'><strong>„actus</strong></span> <span class='ocrx_word' id='word_1_207' title='bbox 999 2046 1150 2069; x_wconf 87' lang='lat' dir='ltr'><strong>eorum</strong></span> <span class='ocrx_word' id='word_1_208' title='bbox 1180 2034 1575 2069; x_wconf 79' lang='lat' dir='ltr'><strong>consummentur.“</strong></span> <span class='ocrx_word' id='word_1_209' title='bbox 1633 2029 1701 2068; x_wconf 82' lang='lat' dir='ltr'><strong>Li-</strong></span> <span class='ocrx_word' id='word_1_210' title='bbox 1760 2029 1764 2062; x_wconf 67' lang='grc' dir='ltr'>ἶ</span> 
     </span>
     <span class='ocr_line' id='line_1_25' title="bbox 271 2085 1764 2144; baseline -0.005 -11"><span class='ocrx_word' id='word_1_211' title='bbox 271 2091 340 2132; x_wconf 86' lang='lat' dir='ltr'><strong>bri</strong></span> <span class='ocrx_word' id='word_1_212' title='bbox 370 2090 471 2132; x_wconf 86' lang='lat' dir='ltr'><strong>editi</strong></span> <span class='ocrx_word' id='word_1_213' title='bbox 503 2089 564 2144; x_wconf 81' lang='lat' dir='ltr'><strong>(v.</strong></span> <span class='ocrx_word' id='word_1_214' title='bbox 599 2106 634 2132; x_wconf 84' lang='lat' dir='ltr'><strong>c.</strong></span> <span class='ocrx_word' id='word_1_215' title='bbox 666 2089 763 2128; x_wconf 87' lang='lat' dir='ltr'><strong>edd.</strong></span> <span class='ocrx_word' id='word_1_216' title='bbox 793 2087 902 2142; x_wconf 82' lang='grc' dir='ltr'><strong>Μ.);</strong></span> <span class='ocrx_word' id='word_1_217' title='bbox 943 2099 1085 2136; x_wconf 86' lang='lat' dir='ltr'><strong>„actus</strong></span> <span class='ocrx_word' id='word_1_218' title='bbox 1121 2087 1213 2141; x_wconf 80' lang='lat' dir='ltr'><strong>(ed.</strong></span> <span class='ocrx_word' id='word_1_219' title='bbox 1244 2086 1295 2128; x_wconf 88' lang='lat' dir='ltr'><strong>R.</strong></span> <span class='ocrx_word' id='word_1_220' title='bbox 1327 2085 1516 2127; x_wconf 83' lang='lat' dir='ltr'><strong>exhibet:</strong></span> <span class='ocrx_word' id='word_1_221' title='bbox 1561 2086 1704 2141; x_wconf 71' lang='lat' dir='ltr'><strong>actis)</strong></span> <span class='ocrx_word' id='word_1_222' title='bbox 1759 2098 1764 2121; x_wconf 79' lang='lat'><strong>¹.</strong></span> 
     </span>
    </p>
   </div>
   <div class='ocr_carea' id='block_1_10' title="bbox 272 2144 1147 2199">
    <p class='ocr_par' dir='ltr' id='par_1_10' title="bbox 272 2144 1147 2199">
     <span class='ocr_line' id='line_1_26' title="bbox 272 2144 1147 2199; baseline -0.008 -9"><span class='ocrx_word' id='word_1_223' title='bbox 272 2165 424 2191; x_wconf 87' lang='lat' dir='ltr'><strong>eorum</strong></span> <span class='ocrx_word' id='word_1_224' title='bbox 454 2145 616 2199; x_wconf 81' lang='lat' dir='ltr'><strong>indigni</strong></span> <span class='ocrx_word' id='word_1_225' title='bbox 647 2148 1038 2185; x_wconf 77' lang='lat' dir='ltr'><strong>consummentur.“</strong></span> <span class='ocrx_word' id='word_1_226' title='bbox 1065 2144 1147 2184; x_wconf 76' lang='lat' dir='ltr'><strong>R.‘=</strong></span> 
     </span>
    </p>
   </div>
   <div class='ocr_carea' id='block_1_11' title="bbox 389 2215 909 2273">
    <p class='ocr_par' dir='ltr' id='par_1_11' title="bbox 389 2215 909 2273">
     <span class='ocr_line' id='line_1_27' title="bbox 389 2215 909 2273; baseline -0.002 -17"><span class='ocrx_word' id='word_1_227' title='bbox 389 2217 437 2273; x_wconf 80' lang='lat'><strong>2)</strong></span> <span class='ocrx_word' id='word_1_228' title='bbox 468 2215 621 2256; x_wconf 72' lang='lat' dir='ltr'><strong>Genes.</strong></span> <span class='ocrx_word' id='word_1_229' title='bbox 653 2215 813 2264; x_wconf 79' lang='lat' dir='ltr'><strong>xvffl,</strong></span> <span class='ocrx_word' id='word_1_230' title='bbox 842 2216 909 2257; x_wconf 81' lang='lat'><strong>21.</strong></span> 
     </span>
    </p>
   </div>
   <div class='ocr_carea' id='block_1_12' title="bbox 274 2282 1762 2581">
    <p class='ocr_par' dir='ltr' id='par_1_12' title="bbox 275 2282 1762 2447">
     <span class='ocr_line' id='line_1_28' title="bbox 391 2282 1762 2344; baseline -0.004 -16"><span class='ocrx_word' id='word_1_231' title='bbox 391 2290 438 2344; x_wconf 79' lang='grc' dir='ltr'><strong>ὅ)</strong></span> <span class='ocrx_word' id='word_1_232' title='bbox 466 2284 587 2328; x_wconf 85' lang='lat' dir='ltr'><strong>Libri</strong></span> <span class='ocrx_word' id='word_1_233' title='bbox 618 2282 719 2325; x_wconf 85' lang='lat' dir='ltr'><strong>editi</strong></span> <span class='ocrx_word' id='word_1_234' title='bbox 748 2285 809 2339; x_wconf 83' lang='lat' dir='ltr'><strong>(v.</strong></span> <span class='ocrx_word' id='word_1_235' title='bbox 839 2300 871 2324; x_wconf 91' lang='lat' dir='ltr'><strong>c.</strong></span> <span class='ocrx_word' id='word_1_236' title='bbox 905 2284 1000 2325; x_wconf 87' lang='lat' dir='ltr'><strong>edd.</strong></span> <span class='ocrx_word' id='word_1_237' title='bbox 1029 2282 1138 2337; x_wconf 45' lang='lat' dir='ltr'><strong>M.)</strong></span> <span class='ocrx_word' id='word_1_238' title='bbox 1179 2282 1268 2332; x_wconf 89' lang='lat' dir='ltr'><strong>„sin</strong></span> <span class='ocrx_word' id='word_1_239' title='bbox 1300 2293 1463 2332; x_wconf 86' lang='lat' dir='ltr'><strong>autem,</strong></span> <span class='ocrx_word' id='word_1_240' title='bbox 1494 2293 1541 2322; x_wconf 89' lang='lat' dir='ltr'><strong>ut</strong></span> <span class='ocrx_word' id='word_1_241' title='bbox 1572 2282 1700 2322; x_wconf 85' lang='lat' dir='ltr'><strong>sciam</strong></span> <span class='ocrx_word' id='word_1_242' title='bbox 1757 2319 1762 2338; x_wconf 83' lang='lat'><strong>·.</strong></span> 
     </span>
     <span class='ocr_line' id='line_1_29' title="bbox 275 2337 1700 2403; baseline -0.006 -16"><span class='ocrx_word' id='word_1_243' title='bbox 275 2346 381 2403; x_wconf 87' lang='lat' dir='ltr'><strong>quid</strong></span> <span class='ocrx_word' id='word_1_244' title='bbox 411 2354 554 2397; x_wconf 84' lang='lat' dir='ltr'><strong>agunt,</strong></span> <span class='ocrx_word' id='word_1_245' title='bbox 581 2341 625 2382; x_wconf 87' lang='lat' dir='ltr'><strong>id</strong></span> <span class='ocrx_word' id='word_1_246' title='bbox 657 2351 738 2390; x_wconf 86' lang='lat' dir='ltr'><strong>est,</strong></span> <span class='ocrx_word' id='word_1_247' title='bbox 779 2351 828 2381; x_wconf 87' lang='lat' dir='ltr'><strong>ut</strong></span> <span class='ocrx_word' id='word_1_248' title='bbox 856 2338 984 2382; x_wconf 76' lang='lat' dir='ltr'><strong>seiam</strong></span> <span class='ocrx_word' id='word_1_249' title='bbox 1013 2338 1127 2395; x_wconf 86' lang='lat' dir='ltr'><strong>ipsos</strong></span> <span class='ocrx_word' id='word_1_250' title='bbox 1142 2346 1178 2392; x_wconf 81' lang='lat'><strong>;“</strong></span> <span class='ocrx_word' id='word_1_251' title='bbox 1223 2339 1297 2380; x_wconf 86' lang='lat' dir='ltr'><strong>sed</strong></span> <span class='ocrx_word' id='word_1_252' title='bbox 1337 2338 1439 2380; x_wconf 85' lang='lat' dir='ltr'><strong>Mss.</strong></span> <span class='ocrx_word' id='word_1_253' title='bbox 1469 2350 1517 2379; x_wconf 88' lang='lat' dir='ltr'><strong>ut</strong></span> <span class='ocrx_word' id='word_1_254' title='bbox 1545 2337 1589 2379; x_wconf 86' lang='lat' dir='ltr'><strong>in</strong></span> <span class='ocrx_word' id='word_1_255' title='bbox 1619 2356 1700 2379; x_wconf 88' lang='lat' dir='ltr'><strong>no-</strong></span> 
     </span>
     <span class='ocr_line' id='line_1_30' title="bbox 275 2399 606 2447; baseline -0.018 -1"><span class='ocrx_word' id='word_1_256' title='bbox 275 2416 364 2447; x_wconf 81' lang='lat' dir='ltr'><strong>stro</strong></span> <span class='ocrx_word' id='word_1_257' title='bbox 394 2412 523 2445; x_wconf 83' lang='lat' dir='ltr'><strong>textu.</strong></span> <span class='ocrx_word' id='word_1_258' title='bbox 552 2399 606 2441; x_wconf 87' lang='lat' dir='ltr'><strong>R.</strong></span> 
     </span>
    </p>

    <p class='ocr_par' dir='ltr' id='par_1_13' title="bbox 274 2464 1760 2581">
     <span class='ocr_line' id='line_1_31' title="bbox 392 2464 1760 2528; baseline -0.004 -17"><span class='ocrx_word' id='word_1_259' title='bbox 392 2471 440 2528; x_wconf 59' lang='grc' dir='ltr'><strong>ἰ)</strong></span> <span class='ocrx_word' id='word_1_260' title='bbox 469 2470 638 2511; x_wconf 84' lang='lat' dir='ltr'><strong>Verba:</strong></span> <span class='ocrx_word' id='word_1_261' title='bbox 678 2468 794 2524; x_wconf 83' lang='lat' dir='ltr'><strong>„ipse</strong></span> <span class='ocrx_word' id='word_1_262' title='bbox 829 2468 945 2509; x_wconf 88' lang='lat' dir='ltr'><strong>solus</strong></span> <span class='ocrx_word' id='word_1_263' title='bbox 986 2464 1278 2520; x_wconf 82' lang='lat' dir='ltr'><strong>agnoscitur,“</strong></span> <span class='ocrx_word' id='word_1_264' title='bbox 1317 2466 1470 2507; x_wconf 81' lang='lat' dir='ltr'><strong>desunt</strong></span> <span class='ocrx_word' id='word_1_265' title='bbox 1507 2465 1550 2506; x_wconf 87' lang='lat' dir='ltr'><strong>in</strong></span> <span class='ocrx_word' id='word_1_266' title='bbox 1583 2465 1699 2506; x_wconf 56' lang='lat' dir='ltr'><strong>libri„</strong></span> <span class='ocrx_word' id='word_1_267' title='bbox 1756 2466 1760 2471; x_wconf 81' lang='grc'><em>’</em></span> 
     </span>
     <span class='ocr_line' id='line_1_32' title="bbox 274 2522 1699 2581; baseline -0.006 -9"><span class='ocrx_word' id='word_1_268' title='bbox 274 2543 400 2572; x_wconf 78' lang='lat' dir='ltr'><strong>antea</strong></span> <span class='ocrx_word' id='word_1_269' title='bbox 447 2526 568 2568; x_wconf 86' lang='lat' dir='ltr'><strong>editis</strong></span> <span class='ocrx_word' id='word_1_270' title='bbox 600 2525 663 2581; x_wconf 87' lang='lat' dir='ltr'><strong>(v.</strong></span> <span class='ocrx_word' id='word_1_271' title='bbox 700 2542 734 2567; x_wconf 89' lang='lat' dir='ltr'><strong>c.</strong></span> <span class='ocrx_word' id='word_1_272' title='bbox 775 2525 870 2566; x_wconf 90' lang='lat' dir='ltr'><strong>edd.</strong></span> <span class='ocrx_word' id='word_1_273' title='bbox 904 2523 1012 2580; x_wconf 83' lang='lat' dir='ltr'><strong>M.),</strong></span> <span class='ocrx_word' id='word_1_274' title='bbox 1065 2524 1140 2566; x_wconf 88' lang='lat' dir='ltr'><strong>sed</strong></span> <span class='ocrx_word' id='word_1_275' title='bbox 1185 2524 1385 2576; x_wconf 79' lang='lat' dir='ltr'><strong>leguntur</strong></span> <span class='ocrx_word' id='word_1_276' title='bbox 1423 2522 1468 2565; x_wconf 88' lang='lat' dir='ltr'><strong>in</strong></span> <span class='ocrx_word' id='word_1_277' title='bbox 1499 2523 1699 2566; x_wconf 61' lang='lat' dir='ltr'><strong>omnibus</strong></span> 
     </span>
    </p>
   </div>
   <div class='ocr_carea' id='block_1_13' title="bbox 275 2586 1284 2713">
    <p class='ocr_par' dir='ltr' id='par_1_14' title="bbox 275 2586 1284 2713">
     <span class='ocr_line' id='line_1_33' title="bbox 275 2586 1284 2713; baseline -0.001 -20"><span class='ocrx_word' id='word_1_278' title='bbox 275 2586 583 2713; x_wconf 42' lang='lat' dir='ltr'><strong>luss-⁵)liissdd.</strong></span> <span class='ocrx_word' id='word_1_279' title='bbox 613 2652 810 2695; x_wconf 84' lang='lat' dir='ltr'><strong>Merlini:</strong></span> <span class='ocrx_word' id='word_1_280' title='bbox 840 2653 1030 2693; x_wconf 82' lang='lat' dir='ltr'><strong>secundo</strong></span> <span class='ocrx_word' id='word_1_281' title='bbox 1062 2649 1284 2694; x_wconf 84' lang='lat' dir='ltr'><strong>admoniti.</strong></span> 
     </span>
    </p>
   </div>
   <div class='ocr_carea' id='block_1_14' title="bbox 389 2722 1370 2925">
    <p class='ocr_par' dir='ltr' id='par_1_15' title="bbox 389 2722 1370 2925">
     <span class='ocr_line' id='line_1_34' title="bbox 389 2722 1038 2783; baseline -0.006 -16"><span class='ocrx_word' id='word_1_282' title='bbox 389 2729 438 2783; x_wconf 83' lang='lat'><strong>⁶)</strong></span> <span class='ocrx_word' id='word_1_283' title='bbox 471 2726 558 2767; x_wconf 88' lang='lat' dir='ltr'><strong>Cfr.</strong></span> <span class='ocrx_word' id='word_1_284' title='bbox 588 2724 743 2766; x_wconf 85' lang='lat' dir='ltr'><strong>Psalm.</strong></span> <span class='ocrx_word' id='word_1_285' title='bbox 773 2722 971 2773; x_wconf 72' lang='lat' dir='ltr'><strong>LXXIII,</strong></span> <span class='ocrx_word' id='word_1_286' title='bbox 999 2723 1038 2765; x_wconf 88' lang='grc'><strong>8.</strong></span> 
     </span>
     <span class='ocr_line' id='line_1_35' title="bbox 391 2791 1071 2854; baseline -0.01 -14"><span class='ocrx_word' id='word_1_287' title='bbox 391 2800 438 2854; x_wconf 78' lang='grc'><strong>7)</strong></span> <span class='ocrx_word' id='word_1_288' title='bbox 468 2800 599 2840; x_wconf 85' lang='lat' dir='ltr'><strong>Deest</strong></span> <span class='ocrx_word' id='word_1_289' title='bbox 629 2801 724 2847; x_wconf 87' lang='lat' dir='ltr'><strong>„et“</strong></span> <span class='ocrx_word' id='word_1_290' title='bbox 750 2794 796 2836; x_wconf 86' lang='lat' dir='ltr'><strong>in</strong></span> <span class='ocrx_word' id='word_1_291' title='bbox 827 2794 892 2835; x_wconf 90' lang='lat' dir='ltr'><strong>ed.</strong></span> <span class='ocrx_word' id='word_1_292' title='bbox 923 2791 1071 2834; x_wconf 82' lang='lat' dir='ltr'><strong>Ruaei.</strong></span> 
     </span>
     <span class='ocr_line' id='line_1_36' title="bbox 391 2861 1370 2925; baseline -0.008 -13"><span class='ocrx_word' id='word_1_293' title='bbox 391 2869 439 2925; x_wconf 74' lang='grc'><strong>8)</strong></span> <span class='ocrx_word' id='word_1_294' title='bbox 467 2869 581 2912; x_wconf 89' lang='lat' dir='ltr'><strong>Edd.</strong></span> <span class='ocrx_word' id='word_1_295' title='bbox 611 2865 804 2910; x_wconf 82' lang='lat' dir='ltr'><strong>Merlini:</strong></span> <span class='ocrx_word' id='word_1_296' title='bbox 833 2876 881 2910; x_wconf 84' lang='lat' dir='ltr'><strong>ut</strong></span> <span class='ocrx_word' id='word_1_297' title='bbox 912 2862 1048 2920; x_wconf 81' lang='lat' dir='ltr'><strong>agnita</strong></span> <span class='ocrx_word' id='word_1_298' title='bbox 1077 2861 1262 2906; x_wconf 80' lang='lat' dir='ltr'><strong>trinitate</strong></span> <span class='ocrx_word' id='word_1_299' title='bbox 1293 2872 1370 2904; x_wconf 84' lang='lat' dir='ltr'><strong>etc.</strong></span> 
     </span>
    </p>
   </div>
  </div>
 </body>
</html>
