1764 3096
503 116 573 158 'm
607 113 803 156 GENESIN
834 113 1035 154 HommA
1054 113 1124 154 III.
1453 114 1536 156 155

126 247 148 272 a
177 230 297 280 Deo,
328 240 367 270 et
395 225 714 275 condemnaris,
756 241 832 266 cur
861 240 981 266 aures
1009 241 1100 265 non
1131 225 1284 266 habeas
1315 225 1536 266 circumci-

123 325 199 350 sas.
260 306 500 357 Confugere
530 303 642 344 enim
670 301 750 342 tibi
780 302 833 343 ad
852 301 1069 353 allegorias
1098 315 1275 351 nostras,
1303 318 1406 356 quas
1421 301 1535 342 Pau-

125 387 190 426 lus
230 382 396 431 docuit,
431 397 520 421 non
560 379 776 435 permitto.
857 378 1172 421 Circumcidcre
1224 380 1327 435 quid
1374 378 1534 419 cessas?

124 463 286 504 Deseca
315 474 446 507 aures,
477 457 678 498 abscinde
704 457 913 506 membra,
945 473 1052 512 quae
1082 457 1199 497 Deus
1230 458 1282 497 ad
1314 456 1536 496 utilitatem

123 554 331 585 sensuum,
362 546 400 575 et
430 535 483 575 ad
515 545 713 574 ornatum
745 534 922 576 humani
952 546 1078 575 stalus
1113 534 1275 574 creavit.
1333 531 1401 572 Sic
1423 531 1535 571 enim

120 613 311 666 intelligis
339 613 467 653 verba
499 610 650 652 divina.
696 611 783 652 Sed
815 623 855 652 et
883 610 1000 652 aliud
1028 611 1106 652 tibi
1135 611 1274 650 adhuc
1305 611 1539 664 proferam,

123 693 189 733 cui
221 690 512 732 contradicere
542 707 631 730 non
663 690 808 745 possis.
864 689 915 729 In
945 688 1120 737 Exodo,
1160 688 1236 729 ubi
1266 704 1345 728 nos
1374 686 1418 727 in
1451 686 1538 725 Co-

121 767 284 810 dicibus
314 766 513 808 ecclesiae
540 767 746 809 habemus
774 765 990 821 scriptum,
1019 767 1349 820 respondentem
1370 765 1423 804 ad
1440 764 1538 804 Do-

71 880 88 895 ,
117 844 281 885 minum
311 843 488 895 Mosen,
519 856 559 885 ct
588 845 818 885 dicentem:
857 843 1064 900 „provide
1083 842 1124 898 ¹)
1164 842 1356 882 Domine
1395 840 1538 890 alium,

121 938 246 978 quem
277 916 431 963 mittas.¹
483 921 576 973 Ego
609 920 722 962 enim
752 921 896 974 gracili
927 937 1031 962 voce
1058 937 1177 969 sum,
1207 932 1248 961 et
1275 920 1417 959 tardus
1447 918 1537 958 lin-

120 1006 249 1052 gua:“
278 1017 350 1041 vos
379 1000 424 1040 in
455 998 659 1040 Hebraeis
689 999 998 1055 exemplaribus
1027 997 1210 1040 habetis:
1259 1013 1363 1049 „ego
1382 995 1429 1051 2)
1462 1014 1535 1035 au—

118 1088 201 1117 tem
231 1076 549 1118 incircumcisus
578 1077 698 1118 labiis
725 1081 859 1119 sum.“
916 1076 1030 1118 Ecce
1058 1074 1220 1116 habetis
1251 1073 1537 1115 circumcisio-

117 1171 215 1195 nem
252 1154 492 1204 labiorum,
540 1156 775 1196 secundum
826 1166 980 1203 vestra,
1025 1170 1134 1209 quae
1183 1151 1349 1193 veriora
1390 1150 1538 1201 dicitis,

120 1231 385 1286 exemplaria.
423 1231 470 1273 Si
500 1248 598 1284 ergo
621 1233 859 1274 secundum
886 1249 960 1273 vos
982 1232 1126 1273 Moses
1146 1230 1367 1282 indignum
1386 1246 1430 1271 se
1453 1246 1538 1269 esse

120 1310 259 1350 adhuc
288 1309 414 1358 dicit,
466 1310 585 1363 quod
619 1326 710 1351 non
740 1310 792 1350 sit
821 1309 944 1351 labiis
974 1309 1257 1356 circumcisus,
1286 1319 1446 1348 certum
1480 1318 1538 1346 cst

120 1387 206 1428 hoc
224 1385 407 1440 illum3)
427 1385 633 1435 indicare,
666 1389 785 1441 quod
806 1386 975 1438 dignior
993 1387 1044 1427 sit
1071 1398 1110 1426 et
1137 1385 1323 1427 sanctior
1349 1384 1433 1434 ille,
1464 1385 1538 1440 qui

123 1463 394 1505 circumcisus
417 1474 475 1504 est
498 1463 633 1504 labiis.
672 1462 885 1505 Adhibete
902 1479 999 1515 ergo
1026 1464 1150 1504 etiam
1169 1462 1290 1503 labiis
1309 1462 1479 1509 falcem,
1500 1472 1539 1500 ct

122 1541 205 1583 oris
228 1539 490 1596 operimenta
512 1542 714 1590 desecatc,
749 1542 922 1596 quando
943 1540 1116 1595 quidem
1146 1539 1240 1580 talis
1264 1538 1383 1579 vobis
1403 1537 1447 1580 in
1473 1538 1537 1578 di-

104 1618 225 1670 ·vinis
247 1617 374 1660 literis
396 1621 636 1673 complacet
656 1618 902 1659 intellectus.
947 1617 1082 1671 Quod
1104 1617 1137 1657 si
1169 1616 1536 1656 circumcisionem

60 1737 66 1747 ,
117 1695 335 1738 labiorum
370 1696 425 1736 ad
456 1695 702 1745 allegoriam
734 1694 964 1744 revocatis,
994 1706 1034 1735 et
1064 1694 1431 1736 circumcisionem
1463 1709 1537 1734 au-

119 1773 231 1815 rium
260 1771 539 1814 nihilominus
580 1773 851 1825 allegoricam
891 1771 1028 1814 dicitis
1076 1783 1116 1812 et
1143 1770 1390 1823 figuralem,
1432 1786 1539 1825 quo-

120 1852 253 1892 modo
287 1850 380 1892 non
420 1862 460 1891 et
494 1850 537 1891 in
569 1850 893 1893 circumcisione
932 1850 1146 1907 praeputii
1182 1847 1427 1899 allegoriam
1471 1865 1538 1888 rc-

122 1928 314 1984 quiritis?
384 1929 472 1970 Sed
510 1929 607 1970 illos
645 1929 841 1984 quidem,
890 1928 962 1984 qui
1006 1929 1060 1968 ad
1099 1926 1320 1968 idolorum
1357 1925 1539 1965 modum

123 2021 268 2054 „aures
284 2005 329 2060 ⁴²)
359 2005 538 2056 habent,
582 2018 622 2047 et
649 2023 741 2047 non
772 2006 974 2054 audiunt,
1020 2015 1061 2044 et
1092 2005 1240 2044 oculos
1270 2003 1451 2051 habent,
1503 2013 1542 2041 et

121 2098 213 2122 non
244 2081 425 2132 vident,“
457 2083 711 2124 omittamus.
780 2080 930 2135 Vos⁵)
963 2093 1127 2128 autem,
1157 2096 1183 2120 o
1224 2081 1413 2135 populus
1443 2077 1542 2127 Dei,

123 2171 163 2199 et
191 2161 378 2214 populus
405 2160 450 2200 in
482 2159 804 2216 acquisitionem
834 2158 987 2200 electus
1017 2160 1071 2199 ad
1095 2158 1352 2198 enarrandas
1372 2154 1542 2197 virtutes

124 2236 322 2286 Domini,
377 2237 575 2292 suscipite
630 2237 800 2289 dignam
851 2235 1215 2278 circumcisionem
1286 2234 1406 2276 verbi
1457 2232 1541 2273 Dei

242 2467 285 2519 ¹)
316 2468 452 2509 Exod.
482 2469 558 2519 -IV,
589 2469 653 2512 13.
685 2471 749 2511 10.

241 2537 287 2592 ²)
319 2538 404 2581 Cfr.
433 2540 568 2580 Exod.
602 2539 671 2589 IV,
703 2541 769 2583 10.
801 2541 898 2581 coll.
928 2539 1002 2588 VJ,
1030 2538 1098 2582 30.

245 2607 292 2659 3)
323 2609 394 2649 Sic
424 2609 545 2660 Mss.,
591 2609 689 2651 libri
727 2623 866 2653 autem
901 2610 1002 2652 editi
1040 2609 1098 2664 (v.
1133 2627 1165 2650 c.
1200 2608 1293 2649 cdd.
1323 2606 1431 2660 M.):
1464 2604 1540 2655 „112

129 2663 204 2704 lud
232 2664 455 2708 indicare.“
484 2665 532 2708 R.

247 2732 290 2788 4)
320 2735 471 2778 Psalm.
504 2735 636 2787 CXV,
666 2737 703 2780 6.
734 2739 771 2780 5.
805 2737 1013 2794 (CXllI.)

246 2804 289 2858 5)
325 2804 431 2846 Edd.
461 2806 655 2848 Merliui:
687 2808 798 2860 „Vos
831 2820 971 2851 autem
1003 2807 1190 2863 populus
1220 2805 1341 2854 Dci,“
1382 2815 1456 2846 etc.
1491 2827 1539 2834 -—

129 2859 213 2902 Csr.
247 2861 263 2900 l
293 2859 404 2903 Pctr.
436 2862 487 2913 Π,
518 2864 556 2905 9.
