1764 3096
271 102 355 146 204
868 99 1088 142 Omcnms

272 213 465 256 Domino
497 230 576 270 pro
611 206 822 262 omnibus,
854 229 961 268 quae
991 213 1183 256 retribuit
1211 214 1365 256 nohis?
1418 216 1536 258 Deus
1566 231 1682 273 pater

269 291 509 348 proptcr¹)
539 307 618 332 nos
648 289 827 346 proprio
860 289 947 332 silio
978 308 1066 332 non
1097 291 1297 346 pepercit.
1356 293 1462 355 Quis
1489 307 1684 347 vestrum,

270 380 406 424 putas,
436 367 577 408 audiet
606 368 837 422 aliquando
867 384 1015 409 vocem
1049 368 1196 420 angeli,
1227 368 1423 412 dicentis:
1461 389 1576 413 nunc
1608 389 1680 413 co-

271 446 409 498 gnovi,
440 445 536 500 quia
566 444 685 485 times
714 455 758 484 tu
789 440 946 494 Deum,
976 445 1074 500 quia
1104 461 1193 485 non
1223 443 1447 500 pepercisti
1476 445 1564 487 filio
1597 457 1684 496 tuo,

270 523 334 563 vel
366 522 478 563 filiae
506 533 616 570 tuac,
646 522 708 561 vel
738 521 872 570 uxori,
903 534 972 563 aut
1001 539 1089 563 non
1121 521 1345 576 pepercisti
1372 522 1590 577 Pecuniae,
1621 524 1686 564 vel

271 599 509 639 honoribus
537 598 705 647 saeculi,
737 610 777 639 ct
807 598 1110 639 ambitionibus
1126 597 1289 648 mundi,
1320 599 1394 640 sed
1420 599 1561 639 omnia
1582 616 1687 640 con-

269 675 441 717 temsisti
472 687 512 716 et
543 675 687 716 omnia
718 674 868 716 duxisti
898 687 943 716 ut
959 676 1004 730 ²)
1044 687 1253 723 stercora,
1296 688 1343 717 ut
1375 675 1588 718 Christum
1620 679 1684 718 lu-

271 753 512 802 crifaceres,
542 752 763 793 vendidisti
795 753 958 803 omnia,
992 764 1029 793 ct
1061 752 1209 794 dedisti
1240 753 1523 808 pauperibus,
1554 766 1592 795 et
1622 771 1682 794 se-

271 842 391 871 cutus
423 846 463 871 cs
493 831 669 870 verbum
700 828 813 870 Dei?
875 829 980 884 Quis
1020 841 1220 879 vestrum,
1264 842 1406 885 putas,
1452 831 1594 873 audiet
1632 833 1685 871 ab

269 906 425 958 angelis
455 906 753 963 hujuscemodi
782 906 962 948 vocem?
991 907 1146 947 lterum
1179 908 1396 949 Abraham
1428 908 1545 950 audit
1576 909 1686 949 hanc

269 1000 433 1033 vocem,
464 996 504 1025 et
534 983 688 1024 dicitur
718 985 770 1024 ad
802 1001 922 1024 eum:
961 983 1145 1039 ‚‚quia³)
1190 1001 1280 1025 non
1321 986 1568 1041 perpercisti
1597 985 1685 1027 filio
1744 1011 1748 1021 ι

267 1071 345 1101 tuo
378 1060 533 1101 dilecto
564 1072 742 1116 propter
778 1066 885 1101 me.“

381 1136 420 1177 9.
449 1134 588 1189 ‚,Et⁴)
621 1137 871 1191 respiciens,
910 1137 1068 1192 inquit,
1099 1140 1316 1181 Abraham
1349 1140 1481 1182 oculis
1511 1140 1594 1181 suis
1625 1140 1686 1180 vi·

270 1212 343 1262 dit,
375 1224 413 1253 et
444 1228 553 1261 ecce,
584 1213 688 1253 aries
716 1215 940 1254 tenebatur
970 1215 1170 1256 cornibus
1202 1215 1245 1255 in
1276 1217 1453 1268 virgulto
1481 1217 1687 1257 Sabech.“

268 1289 478 1339 Diximus,
505 1301 625 1344 puto,
654 1290 697 1331 in
728 1290 1032 1346 superioribus,
1065 1294 1184 1347 quod
1211 1293 1326 1343 Isaac
1356 1294 1541 1333 formam
1573 1307 1687 1344 gere-

269 1377 333 1406 ret
365 1366 543 1416 Christi,
581 1368 656 1408 sed
696 1379 736 1408 et
777 1368 881 1409 aries
912 1368 980 1409 hic
1011 1368 1288 1411 nihilominus
1316 1372 1501 1411 sormam
1536 1368 1690 1411 Christi

269 1458 412 1494 gerere
441 1444 617 1486 videtur.
679 1444 765 1486 Sed
797 1447 1019 1500 quomodo
1048 1444 1215 1487 Christo
1247 1458 1424 1502 uterque
1456 1448 1689 1498 conveniat,

270 1532 310 1561 et
338 1523 468 1570 Isaac,
498 1521 569 1576 qui
601 1537 692 1561 non
723 1533 781 1562 est
808 1520 1031 1578 jugulatus,
1063 1535 1102 1564 et
1131 1523 1249 1572 aries,
1280 1525 1351 1579 qui
1378 1526 1589 1581 jugulatus
1619 1538 1688 1575 est,

271 1614 427 1654 operae
456 1599 641 1653 pretium
672 1610 731 1638 est
772 1615 958 1640 noscere.
1031 1599 1221 1642 Christus
1262 1601 1451 1642 Verbum
1495 1603 1576 1644 Dei
1617 1615 1688 1653 est,

270 1676 342 1716 sed
371 1675 588 1725 „Verbum
606 1674 650 1729 ⁵)
683 1692 781 1718 caro
812 1677 973 1717 factum
1006 1681 1100 1717 est.“
1161 1676 1304 1717 Unum
1334 1677 1461 1729 igitur
1489 1680 1532 1720 in
1559 1679 1686 1720 Chri-

267 1764 332 1793 sto
366 1754 418 1793 de
446 1751 737 1807 superioribus
769 1764 841 1801 est,
870 1754 1047 1794 alterum
1081 1755 1330 1795 exhumaua
1352 1768 1504 1797 natura
1537 1767 1576 1796 ct
1605 1756 1687 1797 vir-

269 1829 396 1880 ginali
432 1841 554 1869 utero
590 1842 842 1884 susceptum.
928 1829 1092 1871 Patitur
1137 1847 1234 1883 ergo
1280 1830 1490 1882 Christus,
1527 1835 1601 1874 sed
1641 1834 1686 1874 in

270 1922 417 1957 carne3
445 1917 485 1946 et
513 1906 687 1960 pertulit
711 1917 907 1956 mortem,
936 1908 1010 1949 sed
1042 1924 1155 1955 caro,
1187 1906 1303 1964 cujus
1322 1909 1390 1949 hic
1412 1909 1516 1950 aries
1546 1911 1686 1950 forma

270 1995 348 2025 cst:
377 1982 485 2024 sicut
515 1994 554 2023 et
583 1983 770 2024 Joannes
801 1983 989 2023 dieebat:
1029 1984 1232 2038 ‚,eccc,⁶)
1272 2000 1398 2036 agnus
1428 1986 1534 2034 Dei,
1578 2003 1688 2038 ecce,

269 2061 343 2117 qui
372 2060 483 2101 tollit
512 2071 686 2115 peccata
716 2059 906 2100 mundi.“
951 2060 1138 2100 Verbum
1160 2078 1257 2102 vero
1287 2062 1330 2102 in
1360 2061 1688 2117 incorruptione

269 2137 523 2193 permansit,
562 2137 681 2190 quod
717 2147 776 2176 est
811 2139 1050 2177 secundum
1092 2137 1285 2193 spiritum
1321 2138 1529 2187 Christus,
1571 2139 1688 2198 eujus
1748 2144 1755 2153 ³

267 2216 408 2266 imago
441 2225 500 2254 est
527 2212 656 2252 Isaac.
711 2212 813 2253 Ideo
852 2213 942 2268 ipse
982 2227 1021 2255 et
1052 2215 1184 2256 hostia
1217 2228 1297 2264 est,
1334 2230 1373 2257 et
1401 2218 1592 2270 pontifex
1621 2234 1686 2258 se-

269 2294 458 2335 cundum
485 2289 692 2345 spiritum.
769 2289 878 2329 Nam
921 2290 991 2345 qui
1032 2294 1159 2333 offert
1187 2292 1364 2335 hostiam
1396 2294 1505 2348 patri
1533 2311 1685 2335 secun-

269 2373 372 2412 dum
404 2383 588 2415 carnem,
616 2367 706 2421 ipse
735 2367 777 2407 in
809 2369 929 2409 altari
959 2371 1092 2411 crucis
1122 2370 1314 2418 offertur,
1345 2370 1454 2424 quia,
1486 2371 1592 2412 sicut
1622 2372 1686 2413 di—

270 2459 385 2489 ctum
418 2457 475 2487 est
505 2446 558 2486 de
588 2461 661 2485 eo:
700 2460 836 2494 ‚,ecce‚
867 2460 995 2497 agnus
1024 2446 1122 2497 Dei,
1152 2462 1260 2496 ecce,
1293 2447 1366 2501 qui
1395 2447 1505 2489 toltit
1534 2465 1686 2503 peeca-

388 2572 431 2627 1)
464 2571 552 2611 Cfr.
586 2571 713 2612 Rom.
745 2572 857 2621 VIII,
885 2573 952 2615 3⁵2.

387 2644 434 2696 2)
465 2641 592 2681 Deest
623 2647 720 2692 ‚‚ut“
751 2642 793 2682 in
829 2644 922 2684 edd.
953 2642 1008 2682 M.
1129 2640 1176 2697 3)
1209 2641 1359 2685 Genes.
1390 2644 1529 2693 XXII,
1561 2646 1624 2687 12.

315 2756 318 2757 ⁷
389 2712 434 2767 ⁴)
467 2711 618 2752 Genes.
649 2711 798 2761 XXII,
838 2714 901 2754 13.
933 2736 986 2742 —-
1012 2712 1121 2753 Edd.
1154 2712 1346 2754 Mei-lini:
1386 2715 1587 2765 „Sahet,“
1618 2717 1680 2757 ed*

270 2769 424 2813 Ruaei:
458 2768 691 2817 „Sabecli.“
723 2767 810 2810 Csr,
839 2768 999 2811 Lexica.

385 2838 431 2893 5>
461 2838 536 2880 Ev.
568 2837 722 2880 Joann.
754 2838 786 2890 I,
815 2840 879 2882 14.
998 2839 1044 2894 ⁶)
1074 2839 1147 2882 Ενι
1179 2840 1333 2884 Joann.
1366 2840 1397 2892 I,
1424 2842 1489 2884 29.

1750 2655 1764 2762 -s

1756 2936 1764 3096 A
