1764 3096
530 105 576 136 m
610 91 804 134 GENESIN
833 90 1036 135 H0M1L1A
1048 70 1051 73 .
1063 93 1094 133 Ι.
1436 96 1517 143 121

111 207 292 248 mittitur‘
313 220 500 258 regnum.
541 204 682 246 Habet
712 216 751 245 et
779 215 914 246 terrae
938 205 1166 256 honorem,
1196 205 1399 260 quoniam
1430 209 1523 262 qui-

116 286 210 325 dem
248 283 292 324 in
327 295 482 324 terram
512 282 695 332 bonam,
733 293 773 322 et
809 292 964 322 terram
1001 281 1194 323 vivorum
1224 283 1428 324 fluentem
1455 285 1524 326 lac

115 373 152 401 et
189 362 274 401 mel
309 358 471 410 ingredi
508 369 663 413 sperat.
742 357 885 398 Habet
923 360 1136 400 honorem
1172 359 1272 400 solis
1311 370 1351 400 et
1383 361 1525 412 lunae,

112 438 270 479 habens
299 434 674 491 repromissionem
703 436 864 487 fulgere
891 435 999 477 sicut
1028 437 1093 477 sol
1122 436 1168 477 in
1197 453 1327 489 regno
1357 437 1453 478 Dei.

224 515 290 556 13.
319 513 431 554 Illud
461 528 559 553 sane
589 512 715 553 etiam
747 512 998 555 eminentius
1026 512 1071 553 in
1106 513 1355 555 conditione
1383 515 1526 556 homi-

108 593 174 633 nis
212 592 358 640 video,
407 591 525 645 quod
564 589 666 630 alibi
699 605 790 629 non
827 588 997 630 invenio
1040 591 1220 632 dictum:
1261 590 1387 647 ,‚et¹)
1429 591 1529 633 fecit

108 669 226 709 Deus
255 666 490 717 hominem,
519 668 574 708 ad
602 665 829 717 imaginem
858 666 943 707 Dei
962 667 1062 707 fecit
1092 674 1228 708 eum.“
1287 668 1421 722 Quod
1449 685 1527 710 ne-

109 761 193 801 que
221 745 267 786 in
298 745 444 792 coelo,
470 759 611 798 neque
639 744 684 785 in
713 756 847 794 terra,
873 760 1014 799 neque
1042 744 1086 784 in
1115 744 1206 786 sole
1235 747 1300 786 vel
1330 745 1431 787 luna
1460 746 1528 787 in-

108 822 298 864 venimus
329 820 598 876 adscriptum.
667 820 794 861 Hunc
833 838 934 863 sane
963 821 1210 872 hominem,
1255 839 1383 878 quem
1427 823 1530 866 dicit

110 899 166 939 ad
197 897 426 949 imaginem
455 897 540 939 Dei
577 900 758 949 sactum,
794 915 886 940 non
929 899 1201 950 intelligimus
1241 900 1527 955 corporalem.

109 975 212 1016 Non
254 974 367 1016 enim
407 975 601 1031 corporis
639 975 888 1028 figmentum
930 976 1017 1017 Dei
1055 976 1281 1028 imaginem
1324 977 1527 1028 continet,

109 1068 250 1108 neque
277 1053 409 1093 factus
441 1069 526 1094 esse
545 1051 591 1108 2)
623 1053 859 1108 corporalis
880 1054 1012 1095 homo
1045 1054 1213 1104 dicitur,
1241 1055 1316 1096 sed
1344 1054 1529 1110 plasma-

110 1140 189 1179 tus,
220 1128 327 1171 sicut
350 1129 395 1170 in
415 1130 768 1185 consequentibus
793 1130 999 1187 scriptum
1016 1143 1084 1173 est.
1131 1131 1204 1172 Ait
1233 1130 1368 1172 enim:
1398 1131 1529 1187 ‚,et3)

111 1206 332 1262 plasmavit
369 1205 487 1248 Deus
526 1207 793 1248 hominem:“
831 1208 878 1249 id
909 1219 979 1258 est,
1009 1209 1130 1250 finxit
1158 1210 1211 1250 de
1228 1208 1274 1262 4)
1313 1220 1450 1250 terrae
1478 1208 1532 1249 li-

111 1299 198 1324 mo.
254 1282 292 1324 Is
323 1293 484 1332 autem,
515 1282 589 1338 qui
617 1285 671 1324 ad
699 1284 927 1337 imaginem
957 1285 1042 1326 Dei
1070 1286 1205 1326 factus
1245 1297 1304 1327 est
1342 1298 1382 1327 et
1399 1285 1443 1341 ⁵)
1474 1287 1530 1327 ad

112 1359 454 1408 similitudinem,
482 1359 661 1401 interior
690 1361 826 1402 homo
855 1373 1000 1402 noster
1031 1373 1114 1411 est,
1146 1361 1366 1403 invisibilis
1396 1373 1436 1403 et
1463 1361 1532 1403 in-

114 1437 363 1491 corporalis,
395 1448 433 1477 et
461 1436 735 1492 incorruptus
765 1450 891 1493 atque
920 1439 1184 1481 immortalis.
1241 1439 1293 1479 In
1320 1438 1385 1479 his
1416 1439 1531 1481 enIm

113 1514 267 1560 talibus
297 1513 380 1553 Dei
409 1513 550 1566 imago
581 1514 734 1557 rectius
762 1515 1019 1567 intelligitur.
1087 1514 1133 1556 Si
1172 1515 1246 1570 qui
1283 1532 1384 1556 vero
1415 1516 1532 1558 hunc

115 1607 373 1646 corporeum
403 1602 555 1645 putent
584 1607 682 1640 esse,
714 1590 787 1646 qui
817 1592 870 1632 ad
886 1591 1114 1643 imaginem
1143 1603 1184 1632 et
1211 1591 1532 1635 similitudinem

112 1668 199 1709 Dei
227 1669 359 1709 factus
391 1679 463 1717 est,
492 1667 637 1709 Deum
667 1667 807 1724 ipsum
838 1683 1099 1722 corporeum
1131 1679 1170 1708 et
1198 1668 1411 1710 humanae
1442 1671 1533 1711 for-

112 1762 210 1786 mae
237 1745 433 1786 videntur
461 1743 685 1801 inducelje:
727 1746 847 1800 quod
888 1744 1043 1786 sentire
1073 1745 1126 1786 de
1155 1745 1252 1787 Deo
1281 1745 1535 1788 manifestis-

113 1823 217 1865 sime
242 1821 424 1878 impium
457 1834 526 1866 est.
582 1821 784 1877 Denique
814 1822 1002 1863 carnales
1030 1821 1096 1863 isti
1126 1823 1335 1874 homines,
1365 1825 1439 1880 qui
1466 1826 1536 1867 in-

113 1901 329 1941 tellectum
360 1899 582 1941 divinitatis
612 1899 824 1950 ignorant,
852 1899 989 1941 sicubi
1017 1900 1062 1940 in
1092 1899 1320 1955 Scripturis
1352 1902 1406 1942 (le
1433 1901 1533 1943 Deo

115 1977 281 2027 legunt,
311 1975 409 2030 quia
439 1977 637 2025 „coelum
653 1976 697 2030 5)
727 1975 832 2016 mihi
861 1977 979 2017 sedes
1009 1988 1087 2025 est,
1131 1987 1241 2018 terra
1275 1990 1413 2019 autem
1445 1996 1536 2022 sca-

116 2053 280 2094 bellum
309 2054 470 2106 pedum
501 2068 696 2093 meorum
709 2058 759 2090 ;“λ
784 2053 1050 2107 suspicantur
1078 2053 1222 2094 Deum
1263 2066 1350 2096 tam
1386 2056 1537 2107 ingen-

117 2130 167 2171 tis
199 2145 284 2171 esse
315 2130 521 2185 corporis,
551 2141 598 2170 ut
625 2141 774 2185 putent
805 2146 901 2170 eum
931 2131 1146 2171 sedentem
1175 2130 1220 2171 in
1252 2133 1373 2173 coelo
1404 2134 1537 2189 pedes

117 2223 252 2262 usque
281 2208 335 2247 ad
362 2217 521 2247 terram
550 2208 819 2263 protendere.
885 2206 982 2248 Hoc
1020 2219 1160 2248 autem
1189 2209 1396 2260 sentiunt,
1437 2210 1537 2267 quia

117 2301 210 2325 non
241 2285 399 2325 habent
428 2283 520 2326 illas
550 2300 685 2334 aures,
727 2300 834 2340 quae
864 2283 989 2335 digne
1017 2285 1181 2340 possint
1222 2287 1371 2328 audire
1407 2289 1536 2329 verba

117 2361 203 2402 Dei
242 2362 295 2402 de
332 2361 452 2411 Deo,
502 2378 611 2418 quae
660 2377 738 2418 per
777 2361 1042 2417 Scripturam
1082 2362 1333 2405 referuntur.
1402 2363 1536 2419 Quod

237 2494 280 2548 ¹)
314 2495 467 2536 Genes.
499 2495 531 2543 I,
558 2495 627 2538 27.
743 2494 789 2550 2)
820 2494 930 2537 Edd.
961 2495 1154 2537 Mcrlini:
1186 2496 1320 2537 etiam.

235 2563 281 2618 ³)
315 2564 467 2606 Genes.
496 2565 549 2617 Il,
582 2567 619 2607 7.
648 2588 697 2596 ——
734 2565 783 2606 In
821 2568 884 2609 cd.
917 2566 1051 2607 Ruaei
1082 2568 1195 2609 deest
1224 2572 1328 2617 ,‚et.“

238 2631 283 2686 4)
313 2634 425 2680 Edd,
455 2635 654 2677 Merlini:
687 2638 740 2676 ‹le
770 2648 879 2676 terra
911 2654 934 2677 e
962 2636 1080 2677 linio.

238 2703 283 2755 ὁ)
314 2705 474 2746 Verba:
506 2717 572 2754 „et
595 2708 649 2747 ad
677 2705 997 2747 similitudinem
1010 2712 1047 2755 ,“
1087 2722 1196 2762 quae
1224 2705 1267 2746 in
1298 2718 1417 2747 antea
1448 2707 1537 2749 edi-

122 2762 170 2802 tis
202 2760 259 2815 (v.
293 2776 328 2806 e.
360 2762 455 2802 cdd.
488 2761 572 2815 M.)
604 2763 755 2804 omissa
783 2773 893 2813 sunt,
925 2763 1176 2818 supplentur
1209 2780 1232 2804 e
1260 2763 1357 2806 Mss.
1387 2763 1437 2804 Ιί.

238 2829 286 2885 ⁶)
316 2830 436 2872 Jcsai.
468 2830 618 2879 LXVI,
648 2832 685 2874 1.
