1764 3096
453 133 501 163 m
539 119 738 162 GENEsm
767 117 968 160 Homum
996 119 1088 160 VII.
1399 121 1478 165 191

63 248 110 278 tu
141 251 253 288 ergo,
285 251 311 275 o
342 232 512 275 auditor
539 231 720 279 horum,
757 246 848 271 non
891 219 1008 272 illam
1045 228 1181 271 solam
1220 232 1482 285 persecutio=

62 329 164 354 nem
202 323 345 368 putes,
395 310 569 373 quando
619 309 767 348 surore
806 307 1023 358 gentilium
1066 307 1120 347 ad
1163 306 1478 351 immolandum

62 389 189 432 idolis
220 385 398 438 cogeris:
437 386 511 427 sed
551 383 584 425 si
625 385 735 424 sorte
774 394 818 424 te
854 386 1046 440 voluptas
1077 383 1212 424 carnis
1241 384 1407 434 illiciat,
1448 385 1480 426 si

60 555 258 597 tanquam
288 539 624 594 persecutionem
656 537 884 578 maximam
915 540 1023 590 suge.
1094 538 1261 580 Idcirco
1295 539 1409 579 enim
1440 549 1480 579 et

60 618 290 673 Apostolus
322 615 442 657 dicit:
472 614 690 669 ‚‚fugite¹)
734 615 1105 656 fornicationem.“
1175 615 1261 656 Sed
1301 615 1334 657 si
1364 614 1478 673 inju-

57 693 169 737 stitia·
203 692 467 740 blandiatur,
517 703 562 731 ut
600 707 828 746 personam
874 691 1061 747 potentis
1108 691 1332 746 accipiens,
1349 691 1394 747 2)
1439 703 1479 733 et

57 770 186 825 gratia
219 768 305 826 ejus
336 770 488 817 flexus,
523 785 613 809 non
644 779 806 808 rectum
836 767 1044 825 judicium
1074 769 1200 809 seras:
1242 769 1476 821 intelligere

56 849 206 896 debes,
245 846 341 902 quia
378 848 457 887 suh
496 845 635 900 specie
672 845 765 886 ludi
802 846 1008 886 blandam
1047 846 1389 900 persecutionem
1422 848 1476 887 ab

54 923 255 981 injustitIa
284 922 451 978 pateris.
510 922 671 963 Verum
705 934 744 962 et
772 938 850 977 per
880 923 1064 974 singulas
1089 922 1274 964 malitiae
1304 923 1475 978 species,

54 1001 175 1041 etiam
207 1001 240 1042 si
266 1001 417 1042 molles
450 1011 489 1040 et
520 1001 723 1041 delicatae
751 1000 847 1050 'sinn
879 1011 918 1040 et
949 1001 1052 1039 ludo
1075 1000 1242 1049 similes,
1273 999 1346 1040 has
1375 998 1473 1055 per-

52 1078 311 1119 secutionem
343 1077 512 1134 spiritus
544 1078 689 1128 dicim,
721 1078 818 1134 quia
849 1077 892 1118 in
925 1077 987 1118 his
1020 1076 1218 1117 omnibus
1249 1075 1376 1117 virtus
1408 1078 1473 1116 of„

49 1154 251 1201 fenditur,

163 1230 201 1272 4.
233 1230 334 1271 Duo
366 1243 464 1272 sunt
496 1247 592 1283 ergo
626 1231 703 1273 filii
735 1232 976 1280 Abraham,
1007 1247 1120 1274 unu.
1148 1230 1201 1270 de
1232 1229 1404 1279 ancilla,
1436 1241 1474 1269 et

49 1324 158 1349 unus
189 1309 241 1348 de
271 1307 424 1348 libera:
456 1319 636 1364 uterque
665 1321 806 1350 tamen
834 1308 945 1350 filius
976 1307 1218 1357 Abraham,
1255 1307 1354 1347 licet
1381 1323 1473 1347 non

49 1396 227 1439 uterque
259 1385 311 1424 de
340 1384 486 1426 libera.
558 1386 794 1443 Propterea
824 1397 864 1426 et
892 1386 938 1434 is,
970 1384 1042 1439 qui
1074 1385 1127 1425 de
1157 1383 1308 1424 ancilla
1338 1383 1473 1424 nasci-

48 1471 135 1509 tur,
184 1462 302 1502 heres
344 1463 514 1517 quidem
546 1480 636 1504 nou
666 1464 713 1503 fit
745 1480 841 1504 cum
872 1462 963 1503 filio
996 1462 1176 1509 liberae,
1214 1461 1378 1515 aceepit
1407 1471 1470 1500 ta«

47 1554 145 1577 men
178 1539 306 1587 dona,
338 1551 377 1579 et
404 1530 494 1580 non
527 1540 751 1582 dimittitur
779 1555 946 1580 vacuus.
1003 1538 1181 1592 Accepit
1211 1549 1250 1578 et
1277 1537 1368 1592 ipse
1395 1538 1472 1577 be-

45 1613 356 1665 nedictionem,
402 1618 475 1658 sed
522 1617 634 1657 filius
675 1617 835 1657 liberae
876 1616 1038 1670 accepit
1082 1613 1470 1669 repromissionem,

48 1690 176 1746 Fit³)
217 1703 257 1732 et
295 1691 366 1733 ille
404 1691 446 1732 in
481 1705 645 1744 gentem
676 1709 897 1745 magnam,
940 1695 1013 1734 sed
1052 1692 1129 1733 iste
1171 1692 1216 1731 in
1255 1691 1469 1747 populum

49 1768 303 1824 adoptionis.
365 1769 653 1825 Spiritualiter
683 1784 780 1819 ergo
815 1785 961 1810 omnes
995 1769 1181 1825 quidem,
1212 1770 1284 1824 qui
1314 1784 1393 1824 per
1421 1767 1472 1807 fi-

46 1846 141 1886 dem
173 1845 345 1887 veniunt
384 1848 438 1888 ad
479 1847 737 1900 agnitionem
777 1845 882 1896 Dei,
923 1858 1102 1902 possunt
1130 1845 1206 1886 filii
1236 1844 1473 1886 Abi-alrami

46 1922 142 1964 dici.
201 1923 287 1964 Sed
317 1926 361 1965 in
392 1925 456 1966 his
486 1935 584 1967 sunt
615 1923 744 1979 aliqui
766 1940 848 1979 pro
870 1925 1039 1965 caritate
1063 1924 1337 1964 adhaerentes
1358 1922 1470 1971 Deo,

46 1999 116 2041 alii
145 2015 227 2054 pro
257 2013 373 2041 metu
408 2012 448 2041 et
475 2003 631 2042 timore
661 1999 793 2040 futuri
820 1999 981 2056 judicii.
1051 2001 1180 2042 Unde
1211 2011 1250 2040 et
1280 2001 1470 2054 Aposto-

43 2077 108 2118 lus
138 2077 328 2119 Joannes
360 2077 479 2119 dicit:
509 2076 610 2132 „qui
627 2075 672 2129 ⁴)
703 2075 844 2126 timet,
872 2093 963 2116 non
995 2088 1053 2117 est
1080 2078 1291 2133 perfectus
1322 2075 1366 2116 in
1398 2092 1469 2116 ca-

41 2153 173 2196 ritate.
259 2154 450 2196 Perfecta
501 2167 642 2196 autem
691 2152 860 2195 dilectio
901 2155 1014 2194 foras
1061 2154 1187 2195 mittit
1230 2153 1468 2194 timorem.“

40 2229 122 2271 Iste
152 2246 274 2283 ergo,
323 2231 395 2287 qui
425 2231 469 2272 in
504 2231 676 2273 caritate
704 2232 917 2287 perfectus
949 2241 1030 2281 est,
1079 2242 1119 2271 et
1157 2231 1212 2271 de
1247 2230 1467 2271 Abraham

31 2307 240 2358 nascitur,
270 2319 310 2349 et
339 2308 450 2350 filius
479 2309 639 2350 liberae
671 2320 741 2350 est.
808 2307 898 2362 Qui
927 2324 1027 2348 vero
1058 2324 1150 2349 non
1181 2309 1366 2363 perfecta
1399 2324 1468 2348 ca-

41 2383 183 2436 ritate,
228 2386 302 2427 sed
341 2387 511 2428 futurae
547 2402 716 2442 poenae
745 2399 862 2428 metu
903 2396 942 2427 et
972 2385 1284 2442 suppliciorum
1314 2386 1468 2426 timore

157 2586 200 2641 ¹)
230 2587 248 2626 Ῑ
280 2587 381 2629 Cor.
411 2587 486 2638 VI,
517 2589 583 2633 18

147 2655 194 2709 ²)
223 2657 410 2711 Aliquot
438 2658 538 2701 WIss.
569 2659 815 2715 „acc1p1as“
848 2659 896 2699 R

147 2722 193 2780 ³)
225 2725 323 2767 Mss.
384 2727 495 2779 :‚Fit
525 2741 565 2770 et
602 2730 710 2772 ille.“
769 2729 885 2771 Libri
932 2726 1031 2770 editi
1071 2727 1131 2783 (v.
1165 2743 1196 2770 c.
1229 2727 1324 2769 edd.
1354 2725 1465 2781 M.:)

32 2781 152 2832 „Fiat
184 2793 222 2822 et
251 2783 360 2823 ille.“
384 2757 449 2824 R.

146 2851 191 2906 4)
224 2853 242 2892 1
273 2852 435 2895 Joann.
470 2854 542 2914 iv,
572 2855 636 2900 18.
