1764 3096
475 88 523 119 m
555 73 755 119 GENEsm
785 75 986 117 HommA
1014 74 1149 116 XVII.
1438 77 1522 121 291

212 191 251 234 6.
282 189 410 240 „Non
430 186 474 243 ι>
507 187 672 230 deficiet
700 187 900 244 princeps
940 202 987 228 ex
1015 185 1146 236 Juda,
1183 200 1323 242 neque
1354 188 1439 230 dux
1469 190 1523 230 de

101 266 338 310 femoribus
370 263 471 322 ejus,
502 281 635 322 usque
664 281 749 321 quo
780 264 952 305 veniant
982 279 1043 314 ea,
1075 278 1184 319 quae
1211 263 1396 319 reposita
1426 277 1525 307 sunt

101 345 179 394 ei,“
214 343 300 394 vel,
335 365 391 373 ——
420 354 468 383 ut
509 343 554 384 in
583 340 672 384 aliis
702 340 1014 397 exemplaribus
1045 339 1244 391 habetur,
1277 365 1330 373 —-
1358 342 1526 392 „veniat

98 421 154 471 is,
195 419 262 461 cui
291 418 524 474 repositum
558 429 638 459 cst:
676 429 717 458 et
755 418 846 473 ipse
887 418 964 459 erit
1004 417 1253 473 exspectatio
1292 418 1524 471 gentium.“

98 495 183 537 Hic
212 498 333 538 locus
362 494 584 536 manifeste
609 494 789 536 refertur
817 495 869 535 ad
887 495 1068 536 Judam:
1108 506 1272 537 constat
1295 496 1423 546 enim,
1452 514 1523 538 us-

100 590 184 631 que
215 575 268 615 ad
292 572 552 615 nativitatem
584 568 740 611 Christi
769 587 860 610 non
904 571 1101 613 defecisse
1128 571 1344 629 principes
1376 589 1422 615 ex
1451 590 1522 627 ge-

97 666 201 691 nere
228 649 380 700 Judae,
409 665 489 691 nec
519 650 648 690 duces
679 648 732 688 de
760 648 997 689 femoribus
1030 646 1117 705 ejus
1133 666 1269 705 usque
1299 652 1353 692 ad
1379 649 1521 693 Hero-

102 728 200 768 dem
235 742 398 779 regem,
445 725 519 781 qui
545 726 784 767 secundum
813 723 1014 765 historiae
1044 725 1196 776 fidem,
1240 742 1368 782 quam
1398 726 1522 769 Jose-

100 804 210 859 phus
240 801 468 859 scribit,²>
514 800 747 852 alienigena
779 801 923 851 fuisse,
975 813 1016 843 et
1053 817 1132 858 per
1170 802 1448 846 ambitionem
1477 806 1523 848 in

100 895 278 931 regnum
304 879 572 921 Judaeorum
597 877 750 919 dicitur
769 877 994 935 irrepsisse.
1049 878 1197 920 Statim
1221 896 1334 932 crgo,
1362 893 1410 924 ut
1438 881 1524 923 hoc

102 959 261 998 factum
295 969 374 1007 est,
405 970 445 999 et
473 967 520 998 ut
551 954 704 998 defecit
736 957 820 997 dux
854 957 906 997 de
936 956 1173 998 femoribus
1201 955 1364 1008 Judae‚
1396 959 1522 1000 adve-

100 1033 163 1074 nit
191 1035 284 1084 ille,
325 1034 393 1075 cui
432 1045 520 1075 erat
561 1048 739 1085 regnum
779 1032 1026 1088 repositum.
1092 1033 1143 1073 In
1182 1050 1269 1089 quo
1301 1037 1524 1090 quomodo

102 1124 245 1164 gentes
275 1124 465 1168 sperent,
494 1109 712 1162 Evangelii
740 1110 867 1159 fides,
897 1121 937 1151 et
967 1109 1239 1152 ecclesiarum
1271 1112 1394 1152 docet
1422 1129 1527 1168 pro-

100 1188 285 1245 pagatio.
359 1188 565 1244 Reposita
597 1200 736 1230 autem
781 1187 981 1228 dicuntur
1012 1203 1081 1236 ea,
1136 1202 1246 1243 quae
1276 1199 1525 1242 opportuno

103 1280 301 1323 tempore
340 1266 601 1321 proferenda
637 1276 748 1305 sunt.
817 1264 936 1305 Sicut
987 1277 1027 1305 et
1065 1263 1256 1306 Christus
1303 1262 1349 1304 in
1395 1265 1527 1306 finem

105 1346 375 1387 saeculorum
397 1341 610 1384 advenisse
634 1341 798 1391 dicitur,
818 1358 914 1382 cum
936 1339 1036 1382 dicit
1052 1341 1305 1397 Apostolus:
1329 1341 1529 1397 ‚,ecce‚3)

106 1439 222 1463 nunc
259 1432 430 1477 tempus
475 1419 784 1474 acceptabile:“
829 1418 987 1461 scilicet
1024 1419 1079 1460 ad
1117 1418 1298 1459 salutem
1337 1417 1529 1470 gentibus

103 1499 385 1540 inferendam.
461 1496 508 1539 Si
557 1513 658 1537 vcro
700 1495 793 1552 quis
840 1494 883 1536 in
927 1495 1126 1537 omnibus
1166 1494 1311 1551 cupiat
1357 1511 1530 1536 cursum

106 1576 327 1632 utriusque
359 1573 628 1631 expositionis
660 1585 827 1629 aptare,
865 1583 1006 1628 potest
1045 1582 1296 1627 extorquere
1332 1570 1531 1622 fortassis,

107 1665 154 1694 ut
185 1653 312 1694 etiam
344 1655 398 1695 de
430 1650 598 1692 Christo
629 1650 735 1691 haec
767 1649 850 1690 hoc
889 1649 1026 1689 modo
1067 1647 1294 1689 videantur
1331 1646 1531 1701 intelligi:

107 1730 265 1788 quia4)
295 1744 413 1780 „non
447 1728 615 1769 deficiet
642 1727 841 1783 princeps
871 1742 918 1766 ex
947 1724 1112 1774 Juda,“
1147 1724 1193 1766 id
1224 1735 1302 1776 est,
1334 1724 1429 1775 hic,
1459 1723 1532 1780 qui

107 1820 206 1866 post
234 1804 587 1850 resurrectionem
620 1803 708 1861 ejus
741 1802 1010 1844 ecclesiarum
1050 1800 1249 1857 princeps
1292 1801 1532 1844 ordinatur.

108 1884 250 1940 ‚,Et⁵)
283 1886 367 1925 dux
397 1884 452 1924 de
480 1881 716 1924 femoribus
748 1879 874 1937 ejus.“
941 1879 1086 1920 Duces
1124 1893 1298 1934 quoque
1328 1876 1532 1920 Christia-

108 1977 267 2003 norum
301 1961 355 2001 de
383 1959 619 2001 femoribus
655 1957 810 2000 Christi
840 1957 926 1997 hoc
964 1955 1100 1996 modo
1132 1965 1327 2010 exponet,
1392 1952 1535 1995 Mem-

108 2039 188 2079 bra
228 2036 386 2078 Christi
425 2051 511 2078 esse
550 2035 652 2077 dicit
694 2031 989 2091 Apostolusfi)
1037 2030 1270 2086 fidelem7)
1308 2031 1536 2087 populum,

110 2116 200 2157 sine
230 2113 364 2155 dubio
396 2111 670 2168 spiritualiter
699 2110 985 2163 intelligenda.
1054 2109 1239 2151 Possunt
1268 2123 1366 2160 ergo
1402 2120 1442 2150 et
1472 2110 1533 2151 fe-

231 2289 275 2345 1)
308 2287 459 2330 Genes.
488 2286 652 2337 XLIX,
702 2288 768 2331 10.
814 2286 912 2327 coll.
953 2284 1087 2325 LXX.
1125 2283 1407 2340 interpretum
1446 2284 1536 2327 edi-

52 2346 55 2347 ⁷
111 2345 314 2389 tionibus.

231 2417 279 2472 ²)
314 2415 404 2457 Cfr.
432 2414 609 2469 Joseph.
641 2413 813 2468 Antiqq.
843 2411 916 2453 lib.
946 2410 1063 2451 XIV.
1095 2425 1185 2465 cap.
1216 2408 1272 2451 Π.

231 2486 281 2542 3)
311 2485 351 2525 II
382 2483 483 2526 Cor.
513 2484 588 2534 VI,
617 2484 657 2525 2.
775 2481 822 2537 4)
856 2481 942 2522 Cfr.
975 2479 1129 2521 Genes.
1160 2479 1314 2532 XLIX,
1344 2482 1410 2526 10.

232 2556 278 2611 ⁵)
312 2553 464 2596 Genes.
493 2553 648 2604 XLIX,
679 2553 746 2595 10.

234 2626 281 2679 ὃ)
314 2625 401 2666 Cfr.
432 2625 451 2664 I
484 2624 581 2665 Cor.
612 2623 685 2675 VI,
717 2623 783 2665 15.
812 2638 927 2678 seqq.

236 2695 281 2750 ⁷)
312 2693 382 2736 Sic
412 2693 510 2735 Mss·
555 2692 671 2734 Alias
690 2709 790 2734 vero
818 2693 877 2748 (e.
909 2710 946 2735 c.
980 2692 1024 2734 in
1057 2694 1152 2734 edd.
1183 2690 1292 2744 Μ.)·
1321 2692 1540 2744 „fidelium

120 2752 354 2810 populum,
407 2749 496 2791 sine
547 2750 680 2791 dubio
731 2749 1009 2803 intelligendo
1046 2747 1318 2806 spiritualiter
1353 2748 1542 2806 judicare

121 2826 205 2860 eos,
236 2808 307 2864 qui
335 2822 415 2862 pro
446 2806 669 2848 firmitate“
700 2816 774 2846 etc.
804 2805 854 2847 R.

1117 2881 1214 2924 19*
