1764 3096
242 105 326 149 238
846 99 1066 143 Omessms

355 220 394 262 5.
425 217 555 268 „Post
575 214 617 270 ¹)
650 214 768 263 hacc,
797 213 946 269 inquit,
975 212 1196 256 seminavit
1228 211 1342 253 Isaac
1371 213 1596 264 hordeum,
1629 226 1669 257 et

243 296 403 337 invenit
435 293 694 347 centuplum.
753 290 978 332 Benedixit
1017 302 1157 332 autem
1198 289 1320 331 illum
1349 289 1591 340 Dominus,
1631 304 1671 333 et

242 373 534 424 magnificatus
568 380 627 410 est
670 369 827 418 homo,
872 379 912 408 et
941 385 1141 424 processu
1173 366 1312 422 major
1342 368 1491 417 fiebat,
1525 370 1671 424 quoad

242 466 376 505 usque
406 464 583 499 magnus
615 447 747 486 sactus
778 457 838 487 est
878 446 1039 487 valde.“
1114 444 1233 499 Quid
1274 455 1357 497 est,
1399 446 1517 500 quod
1557 446 1671 487 Isaac

244 528 454 567 hordeum
487 522 720 572 seminavit,
753 534 792 562 et
820 537 910 563 non
940 524 1226 571 frumentum,
1261 534 1298 563 et
1328 523 1595 565 benedicitur
1624 524 1670 565 in

245 620 320 653 eo,
368 603 483 657 quod
517 601 730 641 hordeum
761 599 959 649 seminat,
1009 612 1047 641 et
1084 599 1400 655 magnificatur,
1448 616 1671 655 quousque

243 696 419 730 magnus
451 676 556 719 fiat?
617 678 808 732 Apparet
840 693 960 729 ergo,
1003 678 1101 733 quia
1136 679 1333 718 nondum
1364 693 1540 730 magnus
1572 688 1675 727 erat,

243 756 315 798 sed
342 767 616 810 posteaquam
639 754 858 797 seminavit
888 755 1114 803 hordeum,
1145 765 1184 794 ct
1207 754 1376 805 collegit
1407 755 1669 809 centuplum,

243 845 348 873 tunc
385 832 520 873 lactus
570 842 630 872 est
671 848 846 884 magnus
885 833 1018 873 valde.
1103 832 1329 873 Hordeum
1376 829 1670 888 jumentorum

245 910 426 950 maxime
457 910 575 950 cibus
607 921 690 959 est,
730 921 800 950 aut
837 925 1055 951 servorum
1096 908 1364 950 rusticorum.
1445 909 1520 949 Est
1558 907 1671 949 enim

243 986 403 1042 species
446 986 661 1040 asperior,
713 997 751 1026 et
798 1001 906 1041 quae
954 987 1067 1026 velut
1107 985 1375 1028 acuminibus
1417 986 1672 1041 quibusdam

247 1062 562 1112 contingentem
602 1062 820 1102 stimulare
867 1061 1069 1103 videatur.
1140 1063 1256 1104 Isaac
1298 1080 1438 1104 sermo
1481 1063 1563 1104 Dei
1603 1074 1674 1111 est,

246 1139 318 1194 qui
348 1155 488 1181 sermo
520 1139 564 1179 in
593 1140 684 1190 lege
715 1139 928 1179 hordeum
959 1139 1155 1188 seminat,
1188 1150 1228 1180 ct
1258 1140 1300 1181 in
1331 1139 1567 1191 Evangeliis
1598 1140 1672 1180 tri-

244 1215 388 1256 ticum.
449 1216 575 1256 Illum
607 1215 720 1256 enim
760 1215 903 1256 eibum
933 1216 1270 1271 perfectioribus,
1303 1229 1342 1257 et
1370 1217 1672 1272 spiritualibus,

245 1293 363 1334 hunc
391 1291 730 1347 imperitioribus
770 1304 809 1333 et
851 1293 1105 1334 animalibus
1143 1305 1283 1348 parat:
1325 1293 1423 1349 quia
1466 1292 1672 1348 scriptum

247 1382 326 1411 est:
358 1368 581 1419 „homines
597 1369 643 1424 ²)
675 1382 713 1411 et
742 1368 931 1426 jumenta
954 1370 1090 1412 salvos
1113 1371 1252 1420 facies,
1283 1371 1511 1413 Domine.“
1557 1370 1672 1411 Isaac

244 1464 382 1489 sermo
424 1447 545 1500 legis,
594 1447 808 1488 hordeum
848 1447 1043 1497 seminat,
1092 1459 1131 1488 et
1167 1459 1308 1488 tamen
1350 1448 1394 1489 in
1433 1448 1526 1504 ipso
1571 1448 1674 1489 hor-

247 1527 329 1566 deo
369 1525 530 1566 invenit
583 1526 861 1566 centesimum
908 1527 1104 1567 fructum.
1190 1525 1358 1567 Invenis
1400 1525 1511 1568 enim
1550 1538 1588 1567 et
1627 1525 1672 1566 in

244 1604 336 1653 lege
374 1615 605 1657 martyres,
655 1618 841 1657 quorum
884 1614 942 1644 est
985 1602 1235 1644 centesimus
1276 1604 1446 1646 fructus.
1513 1603 1601 1645 Sed
1632 1614 1672 1644 et

243 1679 461 1720 Dominus
491 1690 638 1719 noster
667 1679 712 1719 in
743 1679 978 1731 Evangeliis
1009 1680 1148 1729 Isaac,
1191 1679 1446 1735 perfectiora
1478 1696 1673 1736 quaeque

247 1754 476 1811 Apostolis‚
519 1755 654 1796 turbis
685 1767 824 1796 autem
857 1756 1024 1811 plebeia
1057 1768 1096 1797 et
1128 1756 1373 1798 communia
1403 1757 1672 1811 loquebatur.

245 1832 318 1873 Vis
347 1844 486 1872 autem
518 1832 682 1880 videre,
725 1835 843 1888 quod
860 1833 905 1889 3)
949 1833 1072 1874 etiam
1112 1833 1242 1890 ipsius
1272 1833 1425 1875 hordei
1456 1834 1575 1874 cibos
1606 1832 1672 1873 in-

246 1909 500 1964 cipientibus
531 1907 742 1948 exhibuit?
774 1910 991 1966 Scriptum
1019 1911 1138 1952 estin
1157 1909 1469 1965 Evangeliis,⁴)
1494 1908 1672 1965 quod⁵)

243 1986 432 2027 secundo
464 1984 628 2041 paverit
656 1986 813 2028 turbas.
871 1988 958 2029 Sed
987 1988 1107 2038 illos,
1141 2004 1246 2043 quos
1276 1987 1419 2043 primo
1453 1986 1598 2042 pascit,
1625 1986 1673 2028 id

245 2075 304 2103 cst
332 2062 592 2118 incipientes,
624 2063 872 2105 hordeaceis
902 2064 1085 2120 panibus
1115 2066 1260 2121 pascit.
1310 2065 1465 2117 Postea
1481 2065 1526 2121 6)
1557 2081 1672 2114 vero,

247 2155 343 2179 cum
373 2138 456 2194 jam
489 2141 766 2195 profecissent
809 2142 853 2182 in
891 2143 1020 2184 verbo
1064 2154 1102 2183 et
1145 2143 1365 2192 doctrina,
1408 2142 1593 2184 triticeos
1622 2141 1671 2183 iis

247 2215 530 2271 exhibebat7)
560 2233 701 2273 panes.
773 2218 857 2259 Sed
904 2231 1001 2274 post
1031 2220 1114 2261 hoc
1146 2220 1384 2269 Dominus,
1414 2218 1564 2274 inquit,
1592 2220 1668 2260 be—

245 2292 403 2332 nedixit
441 2291 577 2342 lsaac,
628 2306 667 2335 et
704 2312 880 2348 magnus
924 2298 1057 2338 factus
1097 2309 1154 2338 est
1193 2297 1326 2338 valde.
1385 2295 1544 2337 Parvus
1583 2306 1670 2336 erat

245 2368 360 2410 Isaac
392 2369 435 2410 in
467 2370 568 2421 lege,
597 2374 670 2414 sed
701 2390 902 2428 processu
932 2375 1135 2430 temporis
1167 2374 1214 2414 fit
1246 2389 1433 2425 magnus.
1479 2373 1549 2415 Fit
1577 2389 1669 2414 ma-

365 2564 407 2619 1)
439 2564 590 2606 Genes.
620 2567 780 2616 XXVI,
814 2569 878 2610 12.

361 2634 407 2689 2)
438 2635 592 2678 Psalm.
623 2637 826 2688 XXXVI,
855 2639 893 2681 6.
925 2639 1157 2694 (XXXV.)

360 2703 407 2760 3)
438 2705 549 2746 Edd.
581 2707 773 2749 Merlini:
806 2709 915 2765 quia.
1035 2710 1081 2765 4)
1114 2709 1202 2752 Cfr.
1232 2711 1382 2753 Matth.
1411 2711 1526 2755 XIV.

362 2774 406 2828 ⁵)
437 2774 547 2816 Edd.
579 2775 773 2820 Merlini:
809 2779 921 2835 quia.
1039 2779 1085 2836 ⁶)
1118 2779 1205 2822 Csr,
1238 2780 1387 2824 Matth⁸
1417 2782 1509 2823 XV⁸

362 2842 406 2899 7)
437 2845 548 2888 Edd.
576 2847 774 2890 Merlini;
800 2850 977 2892 exhibet.
