1764 3096
287 121 376 165 242
890 113 1113 159 Omcnms

295 235 428 277 riores
457 247 625 282 sumus,
663 227 789 271 etiam
829 243 908 270 nos
950 228 1139 270 videntes
1177 225 1403 282 tantam¹)
1439 225 1481 268 in
1514 228 1716 285 mysteriis

294 310 561 354 altitudinem
593 318 840 364 puteorum,
867 305 1066 347 dicimus:
1105 314 1172 354 „et
1186 303 1233 357 ²)
1278 305 1332 345 ad
1364 303 1468 345 hacc
1500 304 1592 359 quis
1622 303 1716 344 ido-

295 405 400 430 neus
413 386 461 428 ?“
522 384 629 440 Quis
661 383 773 424 enim
806 381 931 436 digne
959 384 1094 423 valcat
1125 380 1353 435 explicare,
1392 380 1457 421 vel
1488 393 1717 436 puteorum

294 475 558 509 sacramenta
586 471 830 509 tantorum,
869 461 934 502 vel
964 475 1139 508 eorum,
1182 474 1292 513 quae
1333 470 1440 510 gesta
1471 473 1552 513 pro
1583 456 1720 513 puteis

297 545 564 591 referuntur,
609 537 691 579 nisi
720 537 964 580 invocemus
992 549 1157 593 patrem
1190 534 1307 576 verbi
1342 535 1535 583 viventis,
1566 545 1604 575 et
1633 533 1723 589 ipse

296 620 339 661 in
372 635 447 660 ore
476 626 623 658 nostro
653 615 831 656 verbum
863 616 965 656 dare
1003 613 1219 665 dignetur,
1265 624 1311 653 ut
1337 611 1572 653 sitientibus
1603 612 1722 652 vohis

295 696 508 753 possimus
549 691 857 748 aliquantulum
900 705 1034 746 aquae
1076 691 1191 732 vivae
1235 690 1408 731 haurire
1452 705 1498 730 ex
1538 688 1602 729 his
1634 698 1720 729 tam

298 771 482 829 copiosis
513 782 554 812 et
582 767 890 824 multiplIcibus
920 766 1086 823 puteis?

410 851 450 892 2.
483 848 593 889 Sunt
631 862 729 898 ergo
761 844 900 901 putei,
939 860 1047 899 quos
1089 845 1290 886 foderunt
1327 843 1450 899 pueri
1490 842 1723 891 Abraham,

297 926 371 968 sed
400 925 478 966 hos
507 921 721 964 Philistini
760 923 1031 977 repleverunt
1061 934 1182 962 terra.
1260 921 1351 961 Hos
1394 936 1492 973 ergo
1532 920 1721 976 primum

295 1017 479 1058 purgare
509 997 747 1051 aggreditur
776 997 902 1039 Isaac,
971 997 1185 1039 Philistini
1225 1013 1353 1052 aquas
1393 998 1600 1045 oderimt,
1639 1008 1723 1037 ter-

297 1095 388 1120 ram
421 1076 614 1127 diligunt.
670 1074 787 1116 Isaac
818 1089 946 1128 aquas
976 1074 1131 1125 diligit,
1167 1086 1318 1128 puteos
1349 1089 1517 1129 semper
1547 1073 1724 1128 quaerit,
1759 1053 1762 1067 ¹

296 1167 456 1197 veteres
485 1161 650 1208 purgat,
678 1164 815 1190 novos
845 1148 992 1205 aperit.
1060 1149 1230 1190 Intuere
1259 1162 1451 1191 nostrum
1482 1150 1619 1200 Isaac,
1651 1149 1724 1206 qui

297 1248 379 1288 pro
410 1230 536 1272 nobis
568 1228 735 1269 oblatus
765 1238 823 1267 est
852 1225 1003 1275 hostia,
1031 1225 1266 1266 venientem
1306 1226 1350 1266 in
1369 1226 1415 1282 ³)
1453 1228 1605 1267 vallem
1639 1226 1724 1267 Ge-

298 1323 519 1357 rararum,
567 1320 696 1361 quam
734 1302 1069 1360 interpretantur
1106 1301 1410 1358 maceriam,⁴)
1451 1302 1536 1343 sive
1564 1318 1722 1357 sepem,

297 1385 557 1432 venientem,
595 1382 797 1437 inquam,
834 1391 881 1420 ut
917 1379 1107 1420 medium
1149 1379 1353 1435 parietem
1397 1379 1561 1436 sepiens
1591 1380 1725 1421 solvat

298 1460 535 1503 inimicitias
565 1459 610 1500 in
641 1473 769 1498 carne
796 1473 894 1507 sua,
936 1457 1177 1498 venientem
1215 1457 1367 1497 tollere
1396 1456 1647 1507 maceriam,
1677 1458 1723 1499 id
1763 1506 1764 1514 ἵ

300 1550 371 1591 est,
403 1549 650 1594 peccatum,
694 1535 813 1590 quod
842 1533 953 1575 inter
982 1550 1060 1576 nos
1096 1545 1264 1590 separat
1293 1545 1334 1574 et
1362 1532 1529 1583 Deum,
1583 1550 1724 1575 mace-

299 1614 431 1665 riam,
479 1629 588 1669 quae
619 1624 678 1654 est
706 1610 848 1653 media
884 1609 997 1651 inter
1026 1627 1105 1652 nos
1138 1622 1177 1651 et
1207 1611 1405 1652 coelestes
1435 1611 1629 1661 virtutes,
1676 1623 1724 1651 ut

297 1692 427 1733 facIat
456 1702 636 1745 utraque
665 1705 824 1738 unum,
869 1698 907 1728 et
937 1704 1083 1737 ovem,
1123 1704 1231 1743 quae
1262 1700 1495 1737 erraverat,
1535 1689 1722 1728 humeris
1759 1734 1762 1740 ι

295 1767 380 1811 suis
410 1778 600 1824 reportet
628 1766 682 1806 ad
711 1775 900 1813 montes,
946 1775 984 1804 et
1023 1764 1212 1806 restituat
1254 1767 1307 1806 ad
1352 1765 1451 1806 alias
1490 1767 1722 1817 nonaginta
1763 1791 1764 1794 =

294 1860 474 1893 novem,
517 1858 626 1898 quae
669 1858 759 1883 non
792 1852 1048 1883 erraverunt.
1118 1840 1198 1884 Hic
1241 1857 1340 1893 ergo
1381 1842 1497 1884 Isaac
1538 1843 1721 1883 salvator
1757 1868 1762 1881 ι

294 1932 456 1975 noster,
490 1935 589 1960 cum
618 1918 796 1961 venisset
825 1917 869 1959 in
899 1917 1017 1959 istam
1049 1919 1200 1959 vallem
1226 1918 1500 1971 Gerararum,
1530 1919 1720 1976 primum

415 2136 459 2191 ι>
490 2135 561 2178 Sic
589 2135 690 2177 Mss.
717 2133 834 2176 Editi
863 2151 963 2176 vero
997 2134 1054 2191 (e.
1089 2151 1122 2177 c.
1148 2135 1243 2176 edd.
1269 2134 1376 2192 ΜΛ)
1406 2147 1594 2187 „tantam
1624 2154 1716 2195 my·
1760 2186 1764 2194 Ι

297 2193 409 2234 sterii
439 2192 718 2233 altitudinem.
721 2197 745 2215 “
777 2191 828 2233 R.

415 2261 462 2317 ²)
492 2261 531 2301 II
563 2260 667 2303 Cor.
695 2261 748 2310 Π,
778 2262 844 2304 16.

413 2332 460 2388 ³)
492 2332 603 2373 Edd.
635 2329 834 2372 Merlini:
864 2330 909 2371 in
939 2331 1047 2371 valle
1079 2329 1352 2373 Gerararum.

412 2401 458 2457 ⁴²)
488 2399 668 2442 Locus
656 2417 701 2440 m
732 2399 850 2441 editis
882 2399 943 2454 (v.
975 2417 1008 2441 c.
1043 2401 1137 2440 edd.
1162 2400 1248 2454 M.)
1278 2413 1516 2456 corruptus,
1547 2401 1622 2442 ubi
1652 2402 1713 2443 le·
1751 2397 1761 2433 ’Ϊ

295 2459 428 2512 gitur:
459 2458 773 2508 „machaeram,
804 2456 888 2496 sive
917 2472 1081 2511 sepem,
1120 2456 1356 2498 venientem
1387 2476 1431 2498 m
1463 2474 1638 2513 aquam,
1668 2469 1715 2499 ut

293 2516 484 2557 medium
513 2514 717 2569 parietem
746 2513 853 2567 sepis
892 2513 1025 2553 solvat
1062 2523 1101 2552 et
1129 2512 1366 2554 inimicitias
1396 2514 1440 2554 in
1472 2530 1598 2555 calne
1628 2529 1715 2563 sua,

294 2572 533 2613 venientem
561 2571 710 2611 tollere
738 2568 1018 2617 machaeram,
1046 2568 1090 2609 id
1123 2581 1193 2619 est,
1223 2581 1457 2625 peccatum,
1488 2587 1574 2625 quo
1604 2569 1713 2611 inter
1761 2606 1764 2609 .

293 2644 376 2669 nos
403 2637 570 2683 separat
599 2636 638 2666 et
670 2625 826 2674 Deum,
855 2626 1143 2675 machaeram,
1186 2642 1295 2681 quae
1333 2638 1392 2667 est
1429 2628 1606 2668 media“
1637 2638 1710 2667 etc.
1756 2639 1764 2661 Γ

294 2685 351 2724 At
379 2684 478 2724 Mss.
518 2694 564 2723 ut
601 2681 640 2722 in
673 2693 817 2722 nostro
848 2692 983 2731 textu,
1024 2693 1064 2722 et
1091 2693 1203 2722 lecte
1235 2683 1435 2732 omnino;
1472 2683 1552 2724 nisi
1593 2684 1711 2746 quod

293 2737 513 2789 „Gcrara“
550 2755 639 2779 non
678 2737 882 2789 significet
919 2739 1231 2787 „maceriam,“
1270 2740 1344 2780 sed
1380 2739 1710 2793 „peregrinatio-
1745 2740 1764 2759 ³'

294 2811 407 2844 nem,
438 2796 502 2835 vel
530 2794 843 2844 “conflictum,“
874 2794 936 2835 vel
976 2793 1268 2845 „sectioncm.“
1329 2794 1533 2849 Origenes
1568 2794 1710 2851 itaque
1757 2810 1764 2850 ,¹

292 2852 483 2906 legebat“
514 2862 587 2892 etc.
619 2849 667 2890 R.
