1764 3096
486 149 534 179 m
565 134 768 177 Gmlzsm
796 131 1002 176 Honmm
1023 133 1074 176 II.
1411 138 1496 184 147

70 251 128 293 tia
161 262 200 292 ct
238 251 321 300 ira,
360 247 455 303 quia
494 246 699 301 insunt1)
741 246 862 288 omni
903 245 1092 296 animae,
1132 247 1367 288 necessario
1398 248 1499 292 istae

71 330 306 371 secundum
336 326 453 374 hoc‚'
482 325 599 380 quod
632 324 685 364 ad
721 325 990 378 peccandum
1023 323 1193 365 homini
1222 325 1498 376 famulantur,

70 405 317 448 immundae
354 401 575 452 dicuntur3
621 400 857 442 secundum
911 400 996 442 hoc
1033 416 1160 451 vero,
1203 403 1323 456 quod
1360 418 1499 458 neque

71 479 321 538 posteritatis
346 479 436 520 sine
467 477 809 534 concupiscentia
839 478 1050 520 successio
1082 490 1328 533 reparatur,
1357 496 1498 535 neque

71 556 306 600 emendatio
339 555 426 595 ulla
464 553 553 596 sine
582 553 643 594 ira
674 564 835 609 potest,
866 570 1006 609 neque
1036 554 1259 610 disciplina
1292 569 1500 606 constare,

67 632 323 675 necessariae
364 642 404 672 et
443 632 762 672 conservandae
804 629 1016 672 dicuntur.
1089 631 1144 672 Et
1174 633 1362 688 quamvis
1393 634 1497 676 haec

65 708 149 767 jam
179 725 269 750 non
300 708 475 757 morali,
516 709 591 749 sed
630 708 815 749 naturali
845 708 1009 749 ratione
1047 707 1230 751 discussa
1262 711 1497 761 videantur,

63 798 207 827 tamen
237 801 346 842 quae
376 785 430 826 ad
465 800 662 841 praesens
695 800 920 825 occurre-re
949 797 1207 841 potuerunt,
1235 803 1318 842 pro
1350 788 1498 829 aedifi-

66 863 233 905 catione
260 861 539 903 tractavimus.
614 860 663 902 Si
692 862 783 916 quis
813 878 914 902 sane
942 861 1132 917 potuerit
1161 879 1209 904 ex
1241 863 1328 906 otio
1359 864 1495 921 ipsam

64 940 144 983 sibi
176 941 371 981 conferre
403 951 442 980 et
473 953 726 993 comparare
755 940 1010 995 scripturam
1054 937 1264 991 divinam,
1305 953 1345 983 et
1373 943 1498 999 spiri-

64 1018 247 1059 tualibus
275 1013 509 1073 spiritualia
540 1027 765 1071 coaptare:
806 1031 886 1056 nec
929 1031 1008 1057 nos
1040 1015 1161 1067 latet,
1204 1020 1324 1074 quod
1368 1021 1494 1075 plura

63 1095 109 1136 in
140 1095 223 1135 hoc
252 1095 351 1135 loco
383 1091 592 1149 profundi
634 1104 672 1133 et
711 1093 855 1134 arcani
885 1092 1074 1151 mysterii
1104 1107 1266 1136 secreta
1297 1096 1494 1152 reperiet,

64 1166 316 1227 quaevnunc
346 1187 425 1212 nos
466 1171 679 1211 adducere
719 1170 764 1212 in
802 1170 1020 1220 medium,
1058 1170 1124 1212 vel
1161 1188 1245 1228 pro
1288 1174 1495 1216 brevitate

61 1248 290 1304 temporis,
343 1250 407 1289 vel
456 1264 538 1303 pro
602 1247 848 1289 auditorum
905 1248 1057 1289 labore
1114 1264 1206 1289 non
1254 1266 1494 1305 possumus.

64 1324 454 1380 Omnipotententis
488 1335 632 1364 tamen
672 1324 758 1365 Dei
812 1324 1153 1366 misericordiam
1201 1326 1496 1381 deprecemur,

64 1402 137 1458 qui
174 1419 256 1443 nos
285 1419 377 1443 non
407 1403 547 1443 solum
588 1400 862 1455 auditores2)
903 1402 1020 1443 verbi
1057 1401 1122 1443 sui
1161 1401 1307 1452 faciat,
1347 1404 1421 1444 sed
1453 1415 1493 1445 et

60 1482 264 1521 factores:
297 1491 337 1520 et
365 1480 544 1521 inducat
576 1494 704 1533 super
734 1489 898 1536 nostras
918 1494 1090 1534 quoque
1107 1478 1266 1520 animas
1284 1480 1490 1522 diluvium

60 1572 197 1612 aquae
226 1572 339 1605 suae,
369 1567 409 1597 et
440 1557 576 1597 deleat
603 1555 650 1596 in
679 1554 828 1605 nobis,
861 1569 970 1608 quae
1000 1555 1078 1596 scit
1108 1570 1195 1596 esse
1225 1556 1420 1608 delenda,
1454 1571 1494 1599 et

61 1633 252 1683 vivificet,
282 1626 391 1688 quae
421 1631 580 1689 judicat
611 1647 698 1673 esse
726 1630 998 1681 vivificanda,
1039 1647 1118 1688 per
1150 1630 1364 1674 Christum
1397 1634 1492 1675 Do—

60 1710 225 1751 minum
265 1721 484 1760 nostrum,
525 1720 566 1750 et
605 1725 684 1765 per
731 1707 928 1764 spiritum
967 1725 1094 1750 suum
1134 1719 1335 1751 sanctum.
1406 1710 1492 1766 Ipsi

63 1787 195 1845 gloria
224 1786 269 1828 in
299 1799 467 1828 aeterna
498 1787 665 1828 saecula
696 1787 981 1831 saeculorum.
1040 1786 1195 1827 Amen.

497 2137 918 2180 HOMILIA
981 2137 1053 2178 111.

418 2236 488 2276 De
528 2234 868 2277 Circumcisione
911 2235 1124 2278 Abrahae.

173 2348 214 2390 1.
244 2347 466 2403 Quoniam
497 2348 542 2390 in
572 2348 714 2390 multis
747 2348 918 2390 divinae
948 2349 1182 2406 scripturae
1210 2350 1316 2392 locis
1344 2351 1488 2394 Deum

61 2423 236 2476 legimus
268 2426 323 2466 ad
352 2426 548 2468 homines
578 2425 712 2481 loqui,
745 2437 784 2466 et
812 2438 993 2482 propter
1012 2427 1097 2468 hoc
1117 2426 1270 2470 Iudaei
1303 2429 1490 2484 quidem,

63 2502 137 2542 sed
171 2512 209 2542 et
238 2514 483 2544 nostrorum
515 2503 731 2554 nonnulli,
760 2504 904 2544 Deum
937 2503 1055 2559 quasi
1085 2504 1305 2546 hominem
1335 2505 1491 2549 intelli-

62 2579 248 2630 gendum
279 2591 553 2635 putaverunt,
582 2580 628 2622 id
663 2592 741 2632 est,
773 2581 967 2623 humanis
997 2582 1215 2632 membris,
1254 2584 1489 2640 habituque

184 2750 237 2847 ’ὲ
257 2749 358 2793 Mss.
398 2752 635 2803 „insunt,“
676 2752 774 2796 libri
814 2754 914 2796 editi
953 2754 1019 2809 (v.
1054 2772 1088 2795 e.
1122 2756 1218 2796 edd.
1249 2753 1358 2809 M.):
1394 2755 1486 2808 „in-

66 2811 171 2848 est.“
243 2837 251 2847 .

181 2876 227 2931 ²)
259 2874 348 2919 Cfr.
375 2877 526 2921 Jacob.
558 2879 590 2931 1,
618 2881 685 2923 22.

1077 2956 1131 2999 10
1150 2957 1171 2978 ⁸
