1764 3096
220 55 307 101 296
822 50 1045 95 Omssnms

227 181 291 212 cet
321 166 583 210 audientium
621 165 796 207 vulnera
825 175 1102 220 peccatorum
1133 177 1223 204 non
1253 163 1393 204 solum
1434 163 1516 205 olei
1548 164 1659 207 leni-

224 259 310 290 tate
346 244 614 299 mitigentur,
661 257 808 283 verum
856 242 980 283 etiam
1024 240 1108 282 vini
1141 241 1378 283 austeritate
1408 253 1657 296 purgentur.

225 324 308 376 „Et
328 322 371 378 ¹)
405 322 496 378 quis
530 331 614 370 est,
643 318 784 374 inquit
813 319 1068 376 Apostolus,
1112 317 1184 374 qui
1215 335 1284 359 me
1313 318 1537 369 laetificat,
1584 318 1663 360 nisi

227 399 300 457 qui
331 397 603 442 contristatur
635 412 681 437 ex
713 396 840 440 me?“
897 395 1174 452 „Candidi2)
1217 396 1362 437 dentes
1406 393 1493 451 ejus
1534 411 1665 450 super

227 479 333 520 lac.“
377 475 556 531 Saepius
578 475 631 515 de
651 475 948 516 membrorum
975 472 1131 515 Christi
1155 471 1306 514 ordine
1327 484 1365 514 et
1387 471 1550 513 ratione
1577 471 1663 530 jam

229 553 424 604 diximus,
455 564 495 593 et
526 552 673 592 eadem
706 550 967 607 frequentius
998 551 1043 592 in
1074 550 1123 596 iis
1154 549 1261 591 locis
1289 560 1484 605 repetere
1515 549 1664 590 absur-

231 633 335 673 dum
368 629 545 671 videtur.
616 628 776 669 Dentes
818 644 915 680 ergo
961 626 1047 684 ejus
1078 643 1209 683 super
1240 628 1305 668 lae
1337 625 1509 667 candidi
1541 636 1666 666 erunt

230 707 299 757 hi,
343 707 415 764 qui
459 708 612 748 fortem
655 717 695 746 et
732 705 919 747 solidum
953 704 1096 746 cibum
1129 704 1246 745 verbi
1277 703 1361 745 Dei
1391 703 1596 744 mandere
1628 713 1667 744 et

232 783 527 828 comminuere
573 783 627 823 ad
656 799 868 824 summam
905 782 1179 822 subtilitatem
1226 781 1423 822 dentibus
1464 792 1665 836 possunt:

235 864 290 905 de
320 861 475 918 quibus
507 859 606 903 dicit
636 860 869 915 Apostolus
901 858 944 898 in
977 858 1153 914 epistola
1186 859 1238 899 ad
1263 858 1507 899 Hebraeos:
1541 874 1666 913 „per-

232 941 448 982 fectorum
465 938 511 993 3)
543 948 683 978 autem
716 947 775 977 est
806 935 924 976 cibus
955 935 1143 986 solidus,
1177 936 1246 991 qui
1277 951 1358 991 pro
1390 934 1669 990 possibilitate

232 1013 432 1057 sumendi
472 1011 718 1054 exercitatos
758 1012 918 1052 habent
955 1028 1098 1053 sensus
1129 1014 1181 1054 ad
1223 1012 1521 1055 discretionem
1562 1011 1670 1053 boni

236 1103 277 1133 et
305 1089 443 1131 malif⁸
489 1088 617 1144 De4)
646 1087 906 1143 imperfectis
937 1099 1078 1129 autem
1099 1088 1329 1130 Corinthiis
1361 1089 1483 1130 dicit:
1515 1090 1605 1139 „lac
1624 1089 1669 1145 ⁵)

235 1166 356 1209 vobis
386 1177 538 1221 potum
571 1164 683 1214 dedi,
715 1180 806 1205 non
838 1181 1000 1206 escam:
1045 1167 1244 1207 nondum
1286 1165 1395 1207 enim
1429 1166 1670 1221 poteratis.“

237 1245 380 1301 Super
410 1259 498 1294 eos,
528 1241 600 1298 qui
630 1242 737 1282 lacte
767 1242 952 1289 aluntur,
983 1244 1126 1285 dentes
1158 1242 1246 1299 ejus
1275 1254 1373 1285 sunt
1403 1243 1587 1294 candidi,
1627 1243 1671 1286 id

238 1333 310 1372 est,
340 1320 396 1370 hi,
428 1319 500 1376 qui
532 1319 768 1375 perfectum
802 1318 945 1360 cibum
976 1336 1127 1376 capere
1151 1331 1340 1376 possunt,
1373 1332 1412 1361 et
1434 1321 1672 1373 comedere,

236 1414 366 1454 super
395 1398 490 1438 illos
522 1408 640 1446 sunt,
683 1395 755 1452 qui
795 1408 998 1452 tanquam
1038 1396 1206 1453 parvuli
1250 1398 1391 1438 adhuc
1421 1398 1529 1438 lacte
1559 1397 1673 1440 indi-

237 1486 347 1528 gent.
409 1473 610 1529 Denique
643 1485 682 1515 et
711 1474 756 1516 in
785 1474 876 1526 lege
908 1491 955 1515 ea
988 1474 1242 1523 animantia,
1289 1491 1398 1530 quae
1439 1474 1672 1525 ruminant,

240 1564 281 1594 et
309 1563 497 1594 sumtum
530 1550 674 1592 cibum
707 1552 758 1592 ad
795 1553 939 1593 dentes
972 1554 1115 1593 denuo
1147 1564 1372 1602 revocant,
1413 1568 1541 1608 quem
1569 1553 1671 1594 sub-

237 1628 365 1671 tiliter
390 1628 437 1684 6)
509 1628 836 1684 minutatimque
884 1628 1179 1671 sustentationi
1241 1629 1435 1684 corporis
1485 1630 1674 1682 tradunt,

238 1707 400 1747 munda
434 1722 520 1747 esse
551 1705 748 1747 animalia
783 1706 1068 1758 designantur.
1141 1704 1367 1760 Aptissime
1403 1723 1504 1747 sane
1545 1707 1670 1748 etiam

238 1783 446 1824 candidos
486 1783 631 1823 dentes
675 1780 761 1838 ejus
802 1782 913 1824 dicit.
997 1782 1159 1823 Omnes
1202 1781 1337 1831 enirn,
1385 1782 1458 1838 qui
1496 1784 1672 1838 perfecti

236 1872 357 1908 sunt,
389 1871 429 1899 et
460 1859 533 1914 qui
566 1858 888 1914 Scripturarum
937 1859 1056 1901 cibos
1089 1858 1223 1910 dignis
1257 1871 1297 1900 et
1328 1861 1672 1915 competentibus

236 1935 661 1992 interpretationibus
693 1935 976 1990 explanantes,
1007 1935 1207 1976 subtilem
1239 1947 1278 1976 et
1301 1935 1515 1977 minutum
1546 1937 1673 1979 intel-

239 2016 418 2064 lectum,
449 2012 521 2069 qui
552 2011 777 2068 spiritualis
808 2011 983 2063 dicitur,
1025 2012 1224 2054 ecclesiae
1257 2012 1434 2068 corpori
1459 2015 1672 2059 ¹submini-

238 2102 383 2141 strant,
415 2089 585 2131 candidi
605 2090 762 2132 debent
792 2105 878 2131 esse
910 2101 948 2131 et
968 2090 1080 2146 puri,
1113 2102 1238 2145 atque
1271 2088 1384 2143 ab7)
1408 2089 1526 2132 omni
1556 2093 1673 2135 malo

363 2328 407 2381 1)
438 2326 477 2367 ΙΙ
515 2326 615 2368 Cor.
649 2327 699 2376 II,
731 2328 770 2368 ⁵2.
892 2327 938 2380 ²)
972 2326 1122 2370 Genes.
1156 2328 1311 2379 XLIX,
1345 2328 1408 2371 12.

327 2419 332 2421 ἡ
365 2396 413 2451 3)
444 2397 575 2438 Hebr.
608 2398 659 2446 V,
691 2399 757 2440 14.

366 2466 411 2521 ⁵¹)
447 2467 557 2508 Alias
597 2467 656 2522 (v.
701 2486 734 2509 c.
775 2468 819 2508 in
867 2468 958 2509 edd.
1001 2466 1108 2522 M.)
1154 2467 1493 2524 „Semiperfectis
1537 2480 1676 2511 autem

247 2523 522 2575 Corinthiis.“
555 2523 604 2564 R.

368 2594 413 2649 ⁵>
445 2594 463 2633 1
498 2593 596 2635 cor.
630 2592 701 2643 ΠΙ,
731 2595 770 2635 2.

363 2663 409 2718 ⁶)
444 2664 554 2705 Alias
593 2662 650 2718 (e.
695 2679 728 2703 c.
769 2664 812 2704 in
856 2664 949 2704 edd.
993 2664 1099 2719 MD:
1151 2665 1382 2717 „subtiliter
1422 2666 1675 2709 minutatum

243 2720 579 2763 sustentationi.“
613 2719 646 2759 R

368 2789 412 2844 7)
444 2790 572 2831 Deest
604 2790 711 2838 „ab“
743 2791 787 2832 in
822 2791 915 2832 edd.
949 2790 1007 2832 M.
