1764 3096
0 2967 10 3096 ιε-α-Ρω

448 154 495 183 ΙΝ
527 141 728 183 Gssmzsm
766 139 967 181 Homqu
991 139 1086 179 XV.
1396 141 1481 184 259

478 364 898 407 HOMILIA
958 363 1052 404 XV.

64 479 131 518 De
163 494 236 527 eo,
280 480 400 533 quod
439 478 642 534 scriptum
688 488 768 518 est:
818 475 955 530 „et¹)
988 474 1268 516 ascenderunt
1307 490 1355 515 ex
1394 474 1479 514 Ae-

63 567 204 614 gyptO,
236 567 276 596 et
306 567 511 596 venerunt
549 554 594 595 in
623 566 779 594 terram
813 552 1009 604 Canaan,
1055 553 1108 593 ad
1137 552 1275 592 Jacob
1313 561 1480 606 patrem

61 649 204 682 suum,
253 645 291 673 et
329 632 631 672 nuntiaverunt
672 629 708 671 ei
747 629 955 680 (licentes,
996 629 1094 684 quia
1134 628 1246 670 filius
1275 640 1372 669 tuus
1401 628 1480 669 Jo-

171 710 277 765 seph
307 708 423 759 vidit,
455 720 493 749 et
522 708 612 764 ipse
649 706 933 762 principatum
966 706 1047 758 agit
1076 705 1205 747 totius
1234 718 1371 747 terrae

663 784 882 843 Aegypti.“

173 885 209 925 1.
243 883 572 925 Observandum
615 893 674 923 est
690 882 735 937 2)
788 882 913 923 nobis
956 882 1184 938 scripturas
1222 890 1383 921 sanctas
1420 880 1481 920 le-

61 961 267 1014 gentibus,
301 960 523 1015 quomodo
554 958 599 999 in
629 959 800 1012 singulis
834 959 1074 1015 quibusque
1092 957 1197 999 locis
1228 956 1484 998 adscendere

60 1037 321 1094 ponatur,3)
353 1047 393 1077 et
423 1032 692 1078 descendere.
753 1037 799 1078 Si
831 1036 943 1078 enim
972 1035 1211 1089 diligentius
1241 1032 1484 1075 considere-

61 1132 167 1164 mus,
198 1113 471 1162 inveniemus,
503 1113 601 1168 quia
630 1130 853 1169 nunquam
882 1116 972 1155 fere
1000 1113 1044 1154 in
1075 1122 1267 1154 sanctum
1295 1109 1386 1165 quis
1415 1110 1484 1150 lo-⁴

60 1208 157 1232 cum
198 1190 351 1232 dicitur
395 1190 682 1240 descendisse,
734 1207 875 1247 neque
914 1192 968 1231 ad
1007 1187 1330 1246 vituperabilem
1379 1202 1483 1227 con-

59 1269 269 1310 scendisse
300 1279 579 1311 memoratur.
640 1266 762 1322 Quae
787 1267 1101 1309 observationes
1124 1266 1355 1308 ostendunt
1382 1262 1484 1305 scri-

59 1358 228 1402 pturam
261 1344 447 1386 divinam
477 1361 593 1394 non,
641 1356 690 1385 ut
726 1345 921 1401 plurimis
962 1344 1147 1393 videtur,
1191 1340 1406 1383 inerudito
1444 1351 1485 1381 et

60 1422 208 1476 agresti
250 1437 446 1463 sermone
493 1421 796 1477 compositam,
835 1423 910 1464 sed
946 1420 1182 1464 secundum
1221 1417 1486 1473 disciplinam

61 1499 227 1540 divinae
260 1498 507 1540 cruditionis
541 1511 748 1554 aptatam,
779 1516 920 1555 neque
950 1510 1116 1540 tantum
1145 1494 1354 1537 historicis
1386 1511 1486 1535 nar-

58 1576 316 1625 rationibus,
364 1587 571 1631 quantum
610 1577 736 1618 rebus
781 1589 820 1617 ct
860 1576 1049 1617 sensibus
1087 1572 1272 1632 mysticis
1303 1571 1486 1613 servien-

59 1656 220 1707 tem.4)
252 1652 442 1694 Invenies
474 1670 571 1706 ergo
603 1654 806 1708 scriptum
839 1670 932 1702 eos,
978 1652 1051 1708 qui
1082 1668 1128 1692 ex
1158 1649 1318 1692 semine
1347 1650 1485 1690 Abra-

60 1733 157 1772 ham
189 1741 437 1779 nascuntur,
469 1730 733 1771 descendisse
751 1730 795 1771 in
824 1732 1072 1787 Aegyptum,
1106 1739 1146 1768 et
1174 1743 1344 1768 rursum
1373 1726 1485 1767 filios

60 1808 188 1849 Israel
220 1807 483 1849 adscendisse
515 1809 567 1848 de
597 1808 805 1864 Aegypto.
852 1805 1054 1860 Denique
1086 1816 1126 1845 et
1150 1806 1203 1844 de
1233 1802 1325 1859 ipso
1348 1803 1486 1843 Abra-

60 1886 159 1926 ham
188 1886 246 1926 sic
279 1883 452 1925 dicitur:
492 1883 798 1939 „adscendit⁵)
841 1894 982 1923 autem
1015 1882 1233 1923 Abraham
1265 1881 1317 1920 dc
1348 1880 1485 1937 Aegy-

59 1975 151 2018 pto,
179 1963 270 2017 ipse
302 1973 342 2002 et
371 1978 480 2001 uxor
512 1960 611 2018 ejus,
650 1973 689 2001 et
721 1958 877 2008 omnia,
910 1972 1019 2013 quae
1051 1957 1138 2013 ejus
1169 1968 1300 2008 erant,
1333 1967 1373 1995 et
1403 1956 1483 1996 Lot

61 2056 158 2079 cum
189 2039 280 2094 ipso
311 2037 357 2077 in
388 2039 643 2078 desertum.“
713 2037 827 2076 Tum
866 2035 1020 2076 deinde
1061 2045 1100 2075 et
1139 2034 1192 2075 de
1233 2034 1347 2074 Isaac
1380 2032 1484 2073 diei-

60 2127 142 2165 tur,
173 2114 271 2170 quia
302 2114 589 2170 ,‚apparuit5)
621 2114 657 2155 ei
690 2112 916 2161 Dominus,
949 2122 990 2151 et
1016 2110 1118 2151 dixit
1145 2110 1201 2151 ei:
1233 2126 1286 2151 ne
1308 2111 1482 2150 descen-

62 2194 132 2233 das
162 2191 207 2232 in
239 2192 519 2250 Aegyptumf‘
594 2191 679 2232 Sed
726 2199 765 2230 et
805 2187 1121 2243 Ismaelitae,⁷)
1154 2187 1227 2243 qui
1255 2186 1487 2242 portabant

62 2264 346 2326 θυμιάματα,
381 2280 422 2310 et
451 2268 645 2318 resinam,
677 2279 717 2308 et
741 2277 914 2320 guttam,
946 2276 986 2306 et
1003 2264 1081 2321 ipsi
1102 2281 1150 2306 ex
1167 2264 1328 2305 semine
1345 2264 1482 2305 Abra-

182 2413 226 2469 1)
261 2414 412 2456 Genes.
443 2415 574 2464 XLV,
602 2416 670 2458 25.
701 2414 770 2457 26.

179 2483 224 2540 2)
255 2485 365 2527 Edd.
396 2484 593 2526 Merlini:
621 2483 746 2525 nobis
777 2494 848 2524 est.

180 2554 226 2607 ³)
256 2554 383 2595 Mss.:
416 2560 668 2610 „ponatur.“
698 2552 814 2594 Editi
843 2551 904 2608 (v.
935 2567 970 2593 c.
1000 2551 1094 2591 edd.
1124 2548 1234 2605 M.):
1264 2565 1479 2600 „comme-

67 2616 295 2652 moratur.“
326 2611 364 2650 R

182 2679 228 2731 ⁴)
261 2679 331 2721 Sic
361 2680 463 2721 Mss.
522 2679 636 2721 Alias
681 2684 742 2735 (v.
783 2696 819 2723 c.
847 2678 890 2719 in
920 2678 1016 2719 edd.
1056 2674 1165 2731 MA)
1204 2674 1483 2726 „servientem

67 2736 264 2777 invenies.
322 2736 435 2788 Ergo
467 2738 670 2792 scriptum
701 2747 762 2777 est
792 2740 890 2777 eos“
922 2745 996 2777 etc.
1028 2734 1080 2776 R.

184 2805 228 2860 ⁵)
262 2804 414 2848 Genes.
444 2805 563 2854 XIII,
594 2807 632 2847 1.
749 2805 794 2860 ⁶)
827 2804 979 2846 Genes.
1011 2799 1171 2851 XXVI,
1201 2800 1240 2842 2.

183 2875 228 2930 ⁷)
261 2874 412 2916 Genes.
444 2875 666 2923 XXXVII,
696 2875 762 2918 25.
792 2889 908 2928 seqq.

1082 2947 1133 2991 17
1157 2946 1178 2969 *
