1764 3096
226 97 311 140 200
828 92 1049 136 Oaxumus

235 210 352 251 dcte:
385 223 462 261 ego
494 219 635 250 autern
667 219 706 249 et
735 207 872 249 infans
901 206 1078 256 ibimus,
1124 217 1161 247 et
1193 222 1289 247 cum
1322 207 1647 260 adoraverimus,

234 296 491 327 revertemur
521 286 574 326 ad
604 290 717 326 vos.“
775 285 859 326 Dic
887 285 990 326 mihi
1026 284 1255 333 Abraham,
1285 300 1430 325 verum
1464 284 1564 326 dicis
1596 286 1648 326 ad

235 378 404 417 pueros,
435 362 554 418 quod
585 363 757 410 adores,
802 374 842 403 et
871 363 1015 404 redeas
1059 378 1154 402 cum
1195 360 1376 415 infante,
1423 378 1477 403 an
1508 360 1648 403 fallis?

235 439 282 481 Si
313 455 459 481 verum
489 439 612 489 dicis,
657 453 755 490 ergo
799 454 888 480 non
928 438 1054 480 facies
1095 454 1190 478 eum
1223 436 1534 479 holocaustum.
1604 437 1650 479 Si

234 515 355 566 saliis,
385 527 548 558 tantum
580 514 861 572 patriarcham
893 532 981 557 non
1015 516 1133 556 decet
1161 515 1320 555 fallere.
1389 513 1506 568 Quid
1538 513 1649 555 enim

236 593 366 634 animi
395 595 438 634 in
468 605 509 634 tc
537 592 696 633 indicat
722 608 860 633 sermo
900 591 998 634 hic?
1056 593 1239 641 Verum,
1270 591 1428 647 inquit,
1462 591 1582 640 dico,
1613 602 1653 631 ct

235 670 534 711 holocaustum
568 670 704 711 offero
736 685 931 724 puerum.
990 670 1154 711 Idcirco
1199 668 1309 709 enim
1339 668 1451 719 ligna
1481 683 1651 708 mecum

236 758 389 801 porto,
435 758 475 788 et
509 763 605 788 cum
636 745 728 802 ipso
759 746 887 786 redeo
922 748 973 787 ad
1006 764 1091 787 vos.
1161 745 1302 787 Credo
1338 743 1449 785 enim
1483 756 1522 785 ct
1550 744 1654 786 fides

237 838 332 865 mea
362 824 466 865 haec
496 834 566 872 est,
598 821 774 878 quod¹)
804 834 871 872 „et
900 838 921 862 a
952 823 1130 865 mortuis
1155 824 1352 865 suscitare
1377 838 1472 863 eum
1503 833 1654 878 potens

239 912 298 942 cst
328 901 484 945 Deus.“

351 978 390 1021 6.
420 978 549 1028 „Post
566 978 612 1033 2)
656 979 759 1019 hacc
787 978 969 1033 accepit,
1009 976 1169 1033 inquit,
1210 977 1428 1018 Abraham
1459 975 1571 1028 ligna
1602 976 1655 1016 ad

240 1055 554 1103 holocaustum,
587 1066 626 1094 ct
653 1056 925 1111 superposuit
955 1071 1000 1095 ea
1032 1054 1144 1095 Isaac
1174 1053 1263 1094 filio
1295 1071 1395 1103 suo,
1428 1065 1467 1094 et
1495 1051 1657 1108 accepit

242 1132 381 1182 ignem
419 1130 463 1171 in
497 1131 693 1171 manibus
723 1131 826 1180 suis,
866 1141 907 1170 ct
945 1130 1154 1180 gladium,
1200 1143 1239 1172 et
1268 1131 1464 1172 abierunt
1492 1131 1657 1171 simul.“

243 1207 377 1261 Quod
397 1208 487 1263 ipse
514 1207 595 1249 sibi
623 1207 734 1259 ligna
765 1208 819 1247 ad
849 1205 1147 1247 holocaustum
1177 1218 1318 1262 portat
1345 1208 1472 1257 Isaac,
1503 1207 1576 1249 illa
1605 1208 1657 1248 fi-

241 1299 342 1335 gura
375 1296 455 1334 est,
494 1285 612 1339 quod
645 1296 684 1325 et
715 1281 902 1325 Christus
932 1282 1021 1339 ipse
1050 1283 1129 1324 sibi
1160 1282 1362 1341 bajulavit
1394 1299 1587 1332 crucem,
1619 1294 1659 1324 ct

241 1373 382 1402 tamen
413 1373 587 1416 portare
616 1361 728 1413 ligna
768 1362 820 1401 ad
862 1361 1159 1401 holocaustum
1198 1360 1428 1403 sacerdotis
1467 1360 1659 1401 officium

242 1448 312 1479 cst.
370 1438 441 1481 Fit
471 1454 569 1490 ergo
600 1438 689 1494 ipsc
718 1439 868 1488 hostia,
899 1449 938 1478 et
965 1438 1174 1478 sacerdos.
1242 1437 1327 1479 Sed
1369 1449 1406 1479 et
1436 1439 1554 1494 quod
1586 1440 1661 1479 ad-

243 1513 378 1557 ditur:
405 1526 472 1563 „et
502 1516 697 1557 abierunt
726 1517 853 1557 ambo
884 1515 1007 1556 simul
1023 1520 1059 1555 :“
1098 1516 1149 1555 ad
1183 1515 1265 1556 hoc
1294 1517 1486 1557 refertur.
1548 1515 1658 1556 Cum

242 1590 356 1632 enim
386 1593 604 1634 Abraham
634 1593 745 1634 velut
773 1592 1080 1635 sacrificaturus
1109 1591 1249 1644 ignem
1280 1605 1471 1649 portaret
1501 1605 1541 1635 ct
1572 1594 1662 1634 cul-

246 1680 372 1718 trum,
402 1669 516 1710 Isaac
545 1686 635 1710 non
667 1669 781 1710 vadit
809 1681 905 1724 post
929 1669 1081 1725 ipsum,
1112 1671 1184 1710 sed
1203 1687 1297 1711 cum
1319 1670 1425 1725 ipso,
1453 1681 1501 1710 ut
1519 1683 1660 1711 osten—

245 1746 371 1786 datur
400 1762 494 1786 cum
526 1746 619 1802 ipso
650 1745 806 1801 pariter
834 1744 953 1797 fungi
974 1747 1225 1787 sacerdotio.
1275 1745 1392 1800 Quid
1412 1745 1660 1801 posthaec?

245 1820 462 1876 „Dixit‚3)
494 1823 643 1877 inquit,
674 1823 788 1864 Isaac
818 1823 872 1863 ad
892 1823 1106 1864 Abraham
1134 1834 1298 1880 patrem
1319 1841 1462 1865 suum:
1494 1824 1660 1866 Pater.“

245 1898 302 1939 Et
331 1899 435 1940 haec
464 1915 545 1954 pro
577 1887 771 1955 tempore
801 1916 823 1940 a
864 1899 953 1940 filio
997 1900 1162 1954 prolata
1200 1900 1438 1941 tentationis
1479 1912 1538 1942 est
1566 1918 1657 1943 vox.

249 1974 487 2029 Quomodo
520 1975 632 2017 enim
660 1988 782 2031 putas
817 1976 1105 2018 immolandus
1134 1976 1245 2018 filius
1273 1992 1349 2031 per
1378 1976 1486 2017 hauc
1511 1994 1659 2018 vocem

246 2053 403 2095 viscera
431 2066 606 2109 paterna
638 2051 879 2095 concussit?
934 2053 990 2094 Et
1021 2053 1209 2108 quamvis
1239 2053 1455 2094 Abraham
1488 2053 1662 2107 rigidior

248 2142 351 2172 esset
379 2147 460 2186 pro
488 2131 585 2181 fide,
616 2131 757 2172 reddit
786 2143 928 2171 tamen
961 2130 1084 2171 etiam
1113 2130 1202 2185 ipse
1233 2131 1469 2173 affectionis
1499 2148 1661 2182 vocem,

249 2218 288 2248 ct
316 2208 557 2262 respondit:
588 2208 719 2262 „quid
735 2207 780 2262 ⁴)
812 2219 882 2256 cst,
912 2205 1002 2247 fili?
1037 2208 1093 2247 At
1111 2207 1204 2248 ille:
1235 2223 1345 2257 ecce,
1376 2208 1524 2263 inquit,
1554 2207 1660 2260 ignis

251 2296 290 2324 et
319 2284 442 2335 ligna,
471 2284 546 2325 ubi
578 2284 664 2324 ovis
697 2295 755 2326 cst
786 2285 838 2324 ad
870 2283 1195 2325 holocaustum?
1251 2285 1319 2325 Ad
1350 2285 1452 2325 hacc
1482 2301 1660 2340 respon-

251 2360 312 2401 dit
341 2361 580 2401 Abraham:
609 2361 725 2403 Deus
744 2360 986 2417 providebit
1010 2361 1090 2402 sibi
1121 2377 1240 2402 ovem
1271 2362 1321 2402 ad
1348 2362 1660 2412 holocaustum,

249 2437 351 2479 fili.“
408 2437 558 2479 Movet
586 2454 655 2479 mc
684 2437 916 2479 Abrahami
945 2437 1040 2480 satis
1072 2437 1244 2490 diIIgens
1277 2450 1316 2479 et
1344 2450 1462 2480 cauta
1485 2455 1661 2494 respon-

251 2513 328 2555 sio.
384 2514 560 2565 Nescio,
590 2515 693 2571 quid
727 2515 893 2557 videbat
922 2513 965 2556 in
995 2514 1164 2570 spiritu,
1205 2515 1302 2570 quia
1333 2532 1422 2557 non
1454 2516 1506 2557 de
1537 2533 1660 2572 prae-

369 2687 412 2743 ¹)
442 2687 574 2730 Hebr.
603 2688 678 2738 XI,
704 2689 774 2735 19.
894 2689 939 2744 ²)
971 2689 1121 2732 Gcncs.
1155 2691 1294 2742 XXII,
1318 2692 1355 2734 6,

369 2757 414 2810 ³)
447 2757 597 2801 Genes.
627 2758 766 2806 XXII,
797 2761 833 2802 7.

369 2824 415 2882 4)
448 2825 597 2872 Genes.
627 2828 767 2879 XXII,
797 2830 832 2871 7.
862 2830 898 2873 8.
