1764 3096
266 73 352 116 230
579 98 585 99 ff
870 64 1092 108 Omonms

272 182 394 224 terim
427 182 533 223 haec
562 180 605 222 in
635 179 751 223 aliud
790 190 955 235 tempus
993 175 1270 227 remittentes,
1312 179 1364 219 ad
1397 192 1466 226 ea,
1506 192 1613 232 quae
1642 179 1685 220 in

269 257 629 314 consequentibus
659 256 826 299 recitata
856 268 964 307 sunt,
993 271 1288 312 properemus.

387 337 427 379 3.
459 335 603 391 „Et¹)
633 337 792 377 sactum
825 346 901 384 est,
939 333 1098 390 inquit,
1144 344 1371 388 postquam
1411 342 1604 372 mortuus
1635 342 1694 373 est

277 414 510 463 Abraham,
538 412 754 455 benedixit
783 412 998 454 Dominus
1028 410 1142 451 Isaac
1172 409 1308 450 silium
1341 407 1447 467 ejus:
1489 420 1528 449 et
1568 407 1693 448 habi-

277 494 380 533 tavit
409 493 463 533 ad
494 502 669 546 puteum
701 489 908 531 visionis.“
964 489 1032 529 De
1063 499 1201 529 morte
1233 488 1448 528 Abraham
1481 486 1583 541 quid
1613 502 1695 526 no-

278 568 343 610 bis
374 568 554 624 amplius
584 566 813 609 dicendum
846 579 915 618 est,
947 584 1072 623 quam
1103 582 1243 606 sermo
1276 563 1457 605 Domini
1485 562 1528 605 in
1556 562 1695 604 Evan-

281 644 394 697 geliis
424 644 636 693 continet,
677 643 840 686 dicens:
881 647 961 696 „de
978 645 1023 701 2)
1060 636 1367 685 resurrectione
1396 653 1535 682 autem
1580 657 1696 680 mor-

280 733 457 763 tuorum
486 738 575 763 non
605 720 769 775 legistis,
801 723 1025 777 quomodo
1058 721 1156 762 dicit
1185 721 1227 762 in
1256 721 1389 760 rubo:
1421 719 1539 760 Deus
1565 719 1702 759 Abra-

282 799 396 849 ham,
427 810 468 840 et
495 798 613 841 Deus
643 799 778 848 Isaac,
819 811 859 840 et
888 799 1005 842 Deus
1041 796 1210 840 Jacob?
1271 797 1388 838 Deus
1429 807 1571 838 autem
1610 811 1699 835 non

287 888 345 917 est
373 887 660 926 mortuorum,
695 877 769 918 sed
798 877 1004 918 vivorum.
1069 875 1230 917 Omnes
1263 873 1374 915 enim
1406 873 1466 914 illi
1497 871 1699 914 vivunt?“
1754 883 1759 893 ·’

288 953 500 1009 Optemus
530 968 630 1004 ergo
663 964 702 993 et
732 969 810 995 nos
842 951 1090 1010 hujusmodi
1121 964 1323 1001 mortem,
1361 950 1468 992 sicut
1513 962 1552 991 et
1581 951 1702 1005 Apo-

286 1031 419 1071 stolus
448 1029 624 1082 dieit,3)
654 1040 699 1069 ut
729 1029 964 1071 moriamur
992 1042 1181 1086 peccato,
1210 1031 1394 1072 vivamus
1424 1039 1564 1070 autem
1592 1026 1704 1067 Deo.

289 1105 405 1147 Talis
434 1121 619 1160 namque
661 1105 895 1147 Abrahami
934 1124 1048 1149 mors
1087 1106 1356 1159 intelligenda
1397 1117 1476 1154 est,
1515 1120 1622 1160 quae
1660 1103 1705 1144 in

288 1194 451 1224 tantum
483 1180 779 1237 dilataverit4)
810 1181 923 1224 sinus
954 1183 1064 1240 ejus,
1106 1195 1153 1224 ut
1183 1199 1333 1225 omnes
1364 1183 1520 1231 sancti,
1552 1181 1624 1237 qui
1655 1181 1708 1221 de

289 1272 474 1317 quatuor
502 1271 637 1301 terrae
667 1259 856 1316 partibus
887 1261 1072 1311 veniunt,
1102 1260 1144 1301 in
1175 1260 1312 1303 sinum
1342 1258 1578 1301 Abrahami
1606 1275 1709 1314 por-

290 1349 433 1379 tentur
472 1339 525 1378 ab
566 1336 735 1390 angelis.
812 1337 898 1379 Sed
938 1337 1154 1379 videamus
1199 1336 1310 1395 jam,
1348 1338 1572 1393 quomodo
1611 1346 1710 1392 post

289 1426 475 1456 mortem
515 1412 603 1472 ejus
639 1413 901 1456 benedixerit
937 1414 1151 1457 Dominus
1196 1415 1310 1457 Isaac
1352 1415 1486 1456 filium
1520 1412 1629 1471 ejus,
1670 1424 1711 1454 et

293 1508 403 1547 quae
434 1503 493 1534 est
523 1491 597 1534 ista
627 1491 884 1535 benedictio,
941 1491 1203 1544 „Benedixit,
1225 1491 1269 1548 ⁵)
1298 1492 1457 1548 inquit,
1496 1492 1710 1535 Dominus

293 1568 424 1620 Isaac,
455 1581 495 1611 et
526 1569 730 1610 habitavit
768 1570 822 1610 ad
861 1581 1037 1626 puteum
1069 1569 1277 1612 visionis.“
1341 1569 1459 1612 Haec
1499 1582 1556 1612 est
1598 1572 1710 1612 enim
1761 1589 1764 1594 ·

298 1645 433 1686 omnis
463 1644 720 1695 benedictio,
754 1662 836 1701 qua
864 1647 1078 1689 benedixit
1106 1648 1320 1691 Dominus
1350 1648 1486 1696 Isaac,
1516 1660 1563 1688 ut
1592 1646 1714 1688 habi·
1756 1692 1760 1699 ,

296 1734 402 1764 taret
432 1724 485 1764 ad
514 1735 692 1778 puteum
723 1722 906 1765 visionis.
962 1723 1296 1776 Intelligentibus
1334 1725 1500 1777 grandis
1540 1738 1599 1766 est
1639 1724 1714 1766 ista
1761 1737 1764 1763 π

296 1798 551 1842 benedictio.
607 1800 784 1842 Utinam
825 1812 864 1842 et
893 1800 1106 1842 Dominus
1137 1800 1243 1842 mihi
1283 1803 1414 1843 donet
1443 1803 1551 1843 hanc
1582 1804 1712 1844 bene·
1757 1820 1764 1839 ι’

298 1875 543 1927 ᾶίεῐίουεῐῃ,
571 1888 618 1918 ut
645 1877 838 1918 habitare
865 1894 1031 1919 merear
1060 1879 1113 1919 ad
1150 1891 1326 1934 puteum
1365 1879 1547 1920 visionis.
1607 1878 1716 1934 Quis

297 1965 438 2010 potest
463 1952 570 1995 scire
599 1966 639 1996 et
667 1953 910 2006 intelligere,
941 1971 1048 2010 quae
1078 1967 1136 1997 est
1164 1955 1283 2004 visio,
1308 1971 1435 2010 quam
1452 1954 1554 1996 vidit
1572 1954 1715 1997 Esaias
1763 1989 1764 1993 ,

298 2031 409 2075 filius
442 2030 606 2074 Amos?
664 2030 770 2087 Quis
810 2044 947 2088 potest
985 2032 1112 2083 scire,
1158 2049 1265 2089 quae
1305 2045 1366 2074 est
1403 2033 1505 2076 visio
1546 2034 1717 2077 Naum?

302 2108 410 2163 Quis
440 2121 576 2165 potest
601 2109 844 2161 intelligere,
875 2110 977 2166 quid
1008 2110 1221 2152 contineat
1248 2110 1319 2152 illa
1351 2111 1468 2160 visio,
1500 2128 1626 2167 quam
1658 2111 1716 2152 vi-
1762 2147 1764 2149 .

303 2187 364 2227 dit
391 2186 529 2227 Jacob
558 2186 604 2227 in
632 2185 807 2236 Bethel,
846 2205 942 2228 cum
982 2188 1116 2230 abiret
1145 2189 1188 2230 in
1219 2188 1597 2244 Mesopotamiam,
1641 2187 1716 2227 ubi
1763 2224 1764 2227 ,

305 2261 426 2304 dixit:
470 2261 601 2313 „haee
618 2262 664 2317 ⁶)
694 2275 752 2304 est
791 2265 945 2305 domus
976 2264 1080 2314 Dei,
1130 2276 1168 2305 et
1202 2277 1327 2320 porta
1365 2264 1529 2306 coeli?“
1597 2265 1653 2305 Et
1682 2265 1715 2306 si

421 2464 464 2520 ¹)
497 2464 648 2506 Genes.
679 2465 817 2514 XXV,
847 2467 912 2510 11.

302 2598 355 2640 3-
422 2541 467 2596 ²)
497 2541 631 2582 blare.
662 2539 758 2591 XII,
783 2537 848 2581 26-
879 2539 944 2582 27.
980 2541 1074 2580 coll.
1096 2539 1230 2581 Exod.
1251 2539 1323 2589 Ill,
1352 2542 1389 2583 6.
1419 2551 1458 2579 et
1487 2537 1585 2579 Luc.
1617 2537 1715 2586 XX,

339 2612 369 2641 ¹·
399 2599 469 2722 338)
497 2667 514 2707 Ῑ
544 2668 654 2709 Petr.
685 2668 738 2717 II,
766 2667 831 2710 24.

420 2737 465 2793 ⁴)
494 2739 604 2780 Edd.
635 2737 828 2779 Merlini:
861 2736 1112 2779 dilataverat.

424 2808 468 2862 5)
499 2807 650 2851 Genes.
683 2809 822 2859 XXV,
852 2808 914 2851 11.
1034 2806 1080 2861 5)
1116 2805 1265 2848 Genes.
1297 2803 1497 2853 XXVIII,
1528 2804 1592 2845 17.
