1764 3096
274 63 358 104 222
871 59 1092 104 Omolzms

276 185 532 227 cognoverat
560 178 699 216 cam:“
730 173 847 229 quasi
875 189 975 215 vero
994 173 1038 228 ι)
1079 171 1195 215 aliud
1224 173 1275 214 sit
1304 171 1418 225 virgo
1449 173 1527 216 nisi
1558 191 1683 230 quam

274 251 336 293 vir
361 267 450 292 non
481 250 664 304 contigit.
740 249 795 290 Et
832 250 935 305 quid
975 249 1115 306 sibi2)
1157 250 1322 291 videtur
1353 250 1685 301 additamentum

273 327 379 383 in³)
409 328 625 380 virginem,
656 338 703 368 ut
733 327 910 376 dicatur,
944 328 1040 383 quia
1069 327 1131 368 vir
1160 343 1250 369 non
1275 339 1532 380 cognoverat
1563 327 1684 369 cam?

272 404 348 446 Est
379 406 491 446 enim
521 404 663 459 aliqua
694 403 824 456 virgo,
855 420 982 460 quam
1015 404 1240 456 contigerit
1275 403 1373 446 vir?
1434 405 1572 461 Saepe
1601 404 1685 462 jam

274 482 372 531 dixi,
403 482 518 538 quod
549 481 594 522 in
624 480 687 522 his
727 497 815 522 non
855 480 1055 523 historiae
1093 492 1341 532 narrantur,
1378 483 1452 524 sed
1490 482 1688 542 mysteria

274 569 567 600 contexuntur.
627 557 734 599 Tale
772 573 870 610 crgo
886 556 932 612 ⁴²)
971 559 1015 599 in
1055 559 1138 600 hoc
1169 558 1330 614 aliquid
1359 559 1539 602 indicari
1567 571 1687 615 puto.

273 636 394 678 Sicut
426 634 617 677 Christus
647 635 812 676 animae
850 635 913 676 vir
943 635 1122 685 dicitur',
1153 636 1222 677 cui
1252 636 1378 678 nubit
1407 636 1559 686 anima,
1589 653 1683 677 cum

271 714 385 755 venit
415 714 468 754 ad
505 713 659 754 fidem:
700 712 758 754 ita
797 723 839 754 et
876 712 974 754 huic
1016 714 1252 756 contrarius
1293 713 1357 755 vir
1393 713 1465 756 ille
1495 724 1575 764 est,
1620 714 1687 755 cui

271 789 398 832 nubit
426 790 579 840 anima,
610 806 706 832 cum
737 791 922 832 declinat
959 792 1012 833 ad
1042 791 1276 847 perfidiam.
1343 791 1436 848 Ipse
1474 791 1567 841 illc,
1614 790 1686 847 qui

274 878 314 909 et
342 867 537 910 inimicus
566 869 701 909 homo
735 867 902 919 dicitur,
923 869 967 924 5)
1000 886 1096 910 cum
1115 869 1265 910 lolium
1288 868 1516 924 superserit
1534 868 1685 909 tritico.

271 947 370 987 Non
404 961 501 998 ergo
533 944 691 987 sufficit
721 946 899 994 animae,
930 956 977 986 ut
1007 957 1116 989 casta
1146 945 1199 988 sit
1228 962 1434 1002 corpore,
1474 961 1581 1001 opus
1613 956 1684 993 est,

270 1035 317 1065 ut
349 1034 388 1063 et
417 1023 478 1063 vir
508 1022 576 1063 hic
605 1021 809 1078 pessimus
838 1039 927 1063 non
959 1025 1203 1075 cognoverit
1232 1039 1336 1064 eam.
1394 1021 1541 1064 Potest
1570 1022 1683 1063 enim

269 1098 375 1148 ficri,
405 1110 453 1139 ut
482 1099 634 1139 habeat
669 1098 761 1153 quis
797 1098 842 1139 in
888 1115 1070 1154 corpore
1109 1101 1412 1152 virginitatem,
1454 1111 1493 1140 et
1522 1114 1683 1150 cogno-

270 1193 388 1219 scens
418 1176 543 1218 istum
575 1176 710 1217 virum
730 1176 971 1231 pessimum,
1003 1176 1239 1226 diabolum,
1267 1188 1395 1232 atquc
1423 1178 1475 1217 ab
1494 1193 1545 1218 eo
1579 1193 1682 1217 con-

271 1254 556 1310 cupiscentiae
584 1251 720 1309 jacula
758 1254 802 1295 in
845 1255 975 1294 corde
1011 1252 1261 1309 suscipiens,
1305 1253 1470 1295 animae
1498 1252 1685 1309 perdidit

271 1332 512 1374 castitatem.
573 1330 686 1385 Quia
716 1345 816 1382 ergo
846 1329 1040 1372 Rebecca
1067 1330 1182 1383 virgo
1211 1342 1301 1372 erat
1328 1343 1470 1373 sancta
1501 1346 1684 1386 corpore

271 1423 310 1453 et
336 1410 501 1466 spiritu,
530 1408 689 1450 idcirco
723 1406 809 1466 ejus
840 1409 1030 1465 duplicat
1058 1410 1230 1451 laudem
1257 1420 1298 1450 et
1327 1408 1448 1450 dicit:
1479 1405 1684 1461 „virgo⁶)

271 1500 381 1539 crat,
420 1500 461 1529 et
498 1487 560 1528 vir
597 1503 688 1528 non
728 1498 982 1540 cognoverat
1024 1492 1156 1530 eam.“
1226 1487 1414 1544 Vespere
1443 1502 1541 1539 ergo
1571 1485 1685 1525 venit

270 1567 324 1607 ad
354 1582 495 1621 aquas.
555 1565 624 1605 De
651 1581 823 1621 vespera
852 1564 937 1622 jam
968 1581 1095 1620 supra
1137 1563 1329 1607 diximus.
1394 1564 1506 1606 Vide
1543 1574 1684 1604 autem

268 1644 542 1699 prudentiam
572 1642 715 1698 pueri,
754 1660 844 1684 non
881 1644 970 1684 vult
1004 1659 1215 1684 assumere
1254 1658 1453 1699 sponsam
1485 1639 1680 1681 Domino

269 1735 345 1761 suo
377 1720 503 1770 Isaac,
531 1719 612 1761 nisi
645 1736 773 1776 quam
803 1719 1009 1761 invenerit
1045 1721 1247 1760 decoram
1289 1731 1327 1760 et
1365 1719 1589 1775 pulchram
1619 1718 1682 1758 fa-

270 1798 333 1839 cie
359 1797 576 1849 virginem,
607 1808 647 1839 et
675 1814 766 1839 non
794 1798 936 1840 solum
964 1796 1181 1848 virginem,
1208 1798 1283 1839 sed
1308 1811 1436 1853 quam
1457 1811 1550 1837 non
1578 1811 1683 1836 con-

267 1874 405 1926 tigerit
442 1875 515 1924 vir,
547 1885 588 1915 et
615 1874 694 1916 nisi
726 1891 853 1930 quam
882 1875 1088 1931 repererit
1115 1891 1244 1930 aquas
1272 1874 1562 1916 haurientem:
1590 1889 1681 1913 non
1729 1909 1732 1912 ,

267 1952 356 1993 vult
393 1951 516 1992 aliam
558 1952 826 2007 despondere
861 1952 1055 1994 Domino
1093 1969 1196 2002 suo,
1237 1969 1327 1994 non
1367 1952 1406 1992 ei
1445 1953 1516 1992 dat
1556 1966 1682 1991 orna-

267 2039 424 2080 menta,
453 2029 534 2071 nisi
562 2029 655 2072 talis
685 2029 749 2071 sit.
807 2030 909 2070 Non
939 2031 1012 2071 dat
1040 2029 1228 2080 inaures,
1255 2047 1347 2071 non
1363 2028 1408 2083 ⁷)
1438 2027 1680 2069 brachialia.

267 2107 415 2149 Manet
442 2107 747 2164 incomposita,
775 2107 1007 2158 inerudita,
1046 2107 1247 2150 incomta.
1313 2104 1541 2159 Putamus,
1583 2107 1681 2164 quia

266 2195 390 2239 pater
429 2184 672 2234 Rebeccae,
724 2183 786 2225 vir
823 2184 957 2234 dives,
1017 2202 1108 2227 non
1145 2187 1331 2227 habebat
1366 2185 1596 2227 brachialia
1638 2196 1677 2227 et

384 2402 426 2458 1>
457 2403 568 2445 Alias
606 2403 666 2459 (v.
699 2420 732 2444 c.
762 2404 807 2445 in
838 2403 935 2444 edd.
966 2401 1075 2458 MA)
1113 2418 1239 2453 „vero
1283 2403 1424 2458 aliqua
1462 2403 1512 2445 sit
1547 2403 1680 2455 virgo,

267 2475 394 2515 quam
424 2460 486 2500 vir
514 2459 773 2512 contlfier1t“
831 2460 918 2501 Sed
946 2459 1045 2502 Mss.
1077 2471 1123 2501 ut
1152 2459 1197 2500 in
1225 2470 1372 2501 nostro
1403 2471 1526 2504 textu.

381 2529 427 2583 ²)
457 2529 567 2571 Edd.
598 2529 790 2571 Merlini:
820 2529 907 2571 tibi.

380 2601 427 2656 3)
458 2601 568 2642 Edd.
598 2600 791 2642 Merlini:
822 2600 867 2642 in
898 2599 1068 2653 virgine,
1097 2611 1144 2641 ut
1175 2600 1342 2642 dicatur
1372 2612 1447 2643 etc.

381 2671 427 2726 ⁴²)
457 2670 567 2712 Edd.
598 2670 796 2712 Merlini:
828 2671 951 2713 enim.

382 2739 427 2796 ⁵)
457 2740 607 2782 7Matth.
639 2741 757 2792 XIII,
785 2743 850 2785 25.
970 2742 1016 2797 ὃ)
1048 2741 1200 2784 Genes.
1228 2742 1390 2792 XXIV,
1420 2741 1486 2784 16.

382 2810 427 2865 ⁷)
459 2810 568 2853 Edd.
598 2811 791 2855 Merlini:
825 2828 914 2854 non
940 2813 1012 2854 dat
1041 2812 1280 2856 brachialia.
1333 2838 1337 2847 ·
