1764 3096
654 612 1238 662 OPIFENO'YE

386 761 438 815 E
544 761 608 815 K
703 758 769 816 A
883 760 934 818 O
1044 761 1106 816 Γ
1203 759 1264 815 Α
1369 748 1490 830 1¹)

552 916 698 957 ΕΙΣ
748 916 921 957 ΤΗΝ
966 913 1324 962 ΕΞΟΔΟΝ.

233 1214 264 1237 ,,
287 1154 414 1227 Καὶ
428 1185 474 1243 2)
505 1183 637 1230 δώσω
662 1182 806 1243 χάριν
834 1185 896 1240 τῷ
927 1185 1024 1240 λαῷ
1056 1180 1200 1240 τούτῳ
1230 1180 1430 1227 ἐνώπιον
1458 1184 1550 1226 τῶν
1565 1185 1655 1224 Αἲ-

231 1272 452 1325 γυπτίων·
486 1264 598 1311 ὅταν
629 1267 681 1311 δὲ
712 1267 1019 1324 ἀποτρέχοιτε,
1046 1266 1127 1310 οὐκ
1148 1264 1454 1310 ἀπελεύσεσθε
1478 1264 1656 1309 κενοί.“

231 1342 356 1400 Αὕτη
395 1344 422 1400 ἡ
463 1345 715 1402 ἐπαγγελία
757 1347 819 1402 τῷ
855 1342 1060 1402 Ἀβραὰμ
1101 1345 1394 1406 προεδίδοτο·
1446 1340 1594 1400 ,μετὰ
1610 1342 1655 1397 3)

234 1426 390 1478 ταῦτα,
423 1426 635 1481 λέγοντος
664 1425 743 1467 τοῦ
773 1425 903 1479 θεοῦ,
935 1418 1246 1472 ἐξελεύσονται
1276 1412 1367 1467 ὦδε
1395 1419 1510 1480 μετὰ
1544 1419 1657 1464 ἀπο-

232 1500 446 1555 σκευῆς.“

346 1578 473 1633 ,,Καὶ
490 1576 536 1634 ⁴²)
566 1579 838 1634 κατίσχυσεν
867 1574 894 1632 ἡ
927 1578 1093 1635 καρδία
1121 1576 1311 1637 Φαραὼ,
1344 1578 1422 1621 καὶ
1454 1575 1535 1622 οὐκ
1566 1579 1655 1626 εἲς-

231 1652 428 1711 ήκουσεν
476 1653 649 1710 αὐτῶν,
709 1652 921 1716 καθάπερ
970 1655 1219 1700 ἐνετείλατο
1284 1654 1436 1705 αὐτοῖς
1486 1651 1654 1713 κύριος.

231 1728 350 1777 Εἷπε
381 1732 432 1776 δὲ
459 1729 612 1792 κύριος
639 1730 755 1788 πρὸς
783 1734 1008 1788 Μωυσῆν·
1039 1730 1283 1793 βεβάρυται
1312 1732 1339 1788 ἡ
1357 1733 1524 1790 καρδία
1551 1737 1657 1775 Φα-

232 1808 341 1868 ραώ,
372 1811 454 1853 τοῦ
485 1806 550 1868 μὴ
582 1809 896 1858 ἐξαποστεῖλαι
924 1806 1005 1853 τὸν
1033 1805 1198 1853 λαόν.“
1260 1806 1342 1854 Τό·
1379 1807 1658 1867 ,,βεβοῖρυται

230 1885 258 1942 ἡ
303 1887 469 1946 καρδία
510 1884 738 1945 Φαραώ”“
783 1884 1038 1945 λεγόμενον
1075 1883 1168 1930 ὑπὸ
1205 1889 1286 1931 τοῦ
1317 1892 1501 1945 κυρίου,
1541 1885 1657 1946 μετὰ

230 1962 315 2020 τὴν
352 1966 706 2022 μεταβαλοῦσαν
756 1967 819 2014 εἰς
859 1961 1089 2022 δράκοντα
1129 1961 1306 2028 ῥάβδον
1341 1967 1422 2009 τοῦ
1466 1963 1654 2025 Ἀαρών,

231 2045 310 2086 καὶ
339 2044 656 2086 καταπιοῦσαν
685 2040 765 2092 τὰς
791 2043 883 2087 τῶν
905 2040 1091 2100 Μάγων
1121 2039 1331 2103 ῥάβδους,
1364 2037 1494 2093 ἄξιον
1522 2044 1657 2098 ἰδεῖν,

232 2122 273 2164 εἰ
312 2117 467 2175 ἕτερόν
507 2119 602 2164 ἔστι
641 2122 719 2164 τοῖ
763 2118 1067 2178 ἕσκληρύνθαι
1111 2118 1194 2175 τὴν
1233 2121 1430 2179 καρδίαν
1467 2119 1656 2181 Φαραώ,

232 2201 485 2255 λεγομένου
529 2194 768 2253 πολλάκις,
812 2202 889 2242 καὶ
926 2200 1005 2242 τοῦ
1043 2200 1376 2255 κατισχυκέναι.
1443 2199 1538 2241 Καὶ
1566 2197 1659 2256 γὰρ

231 2277 310 2319 καὶ
338 2277 469 2319 τοῦτο
502 2272 643 2324 οὕτως
671 2277 858 2335 εἴρηται·
903 2276 1076 2332 ,,καὶ5)
1115 2279 1385 2333 κατίσχυσεν
1422 2272 1450 2330 ἢ
1493 2276 1659 2334 καρδία

352 2436 396 2490 1)
426 2436 683 2490 Fragmenta
726 2436 831 2478 haec
886 2438 1076 2478 desumta
1127 2446 1225 2478 sunt
1275 2451 1297 2476 e
1343 2434 1508 2477 schedis
1555 2435 1658 2477 Mss.

234 2492 505 2590 (ἷοωῦἑίὶείἰ,
557 2493 630 2549 qui
681 2509 727 2534 ea
782 2493 995 2550 exscripsit
1035 2509 1058 2534 e
1109 2491 1209 2535 Mss.
1248 2491 1658 2535 bibliothecae-Re-

233 2566 335 2603 glae.
410 2583 418 2592 .

350 2619 398 2675 2)
428 2619 564 2660 Exod.
597 2619 670 2669 ΙΙΙ,
699 2619 767 2663 21.
789 2644 841 2652 —
867 2619 1000 2661 LXX.
1022 2619 1293 2675 interpretes:
1325 2618 1538 2664 ἐναντίον
1565 2619 1658 2662 τῶν

232 2677 520 2734 Αἰγυπτίων·
554 2673 663 2719 ὅταν
695 2677 745 2720 δὲ
775 2676 1050 2737 ἀποτρέχητε
1078 2679 1173 2721 κτλ.

351 2746 398 2800 3)
430 2746 583 2788 Genea.
614 2746 710 2796 XV,
740 2747 806 2789 14.
926 2745 972 2803 ⁴)
1002 2747 1138 2790 Exod.
1171 2746 1264 2796 VII,
1295 2745 1360 2792 13.
1391 2747 1454 2790 14.

347 2816 393 2870 ⁵)
426 2816 560 2859 Exod.
591 2817 684 2870 VH,
716 2817 782 2861 13.
813 2818 911 2861 coll.
940 2832 1033 2876 pag.
1065 2816 1154 2877 huj.
1184 2827 1274 2860 not.
1305 2817 1344 2861 4.
