1764 3096
284 120 370 164 218
885 115 1105 159 Omcssms

284 233 415 274 verbo
459 230 541 272 Dei
579 231 878 280 adhaerentes,
932 230 1207 272 tentationem
1250 239 1391 270 tamen
1432 244 1701 286 nequaquam

286 312 538 361 effugerunt,
569 308 669 363 quid
701 306 862 349 faciunt
891 307 956 356 hi,
1005 306 1077 362 qui
1121 305 1268 347 diebus
1307 317 1470 347 tantum
1501 307 1701 348 solemni-

284 391 363 428 bus
405 388 456 427 ad
498 384 712 426 ecelesiam
765 383 1051 426 conveniunt?
1116 383 1252 437 „Si¹)
1293 381 1424 440 justus
1464 383 1529 424 vix
1567 384 1733 424 salvus¹

284 467 368 513 fiet,
400 475 597 518 peccator
627 474 667 502 et
697 461 851 517 impius
882 461 955 502 ubi
985 462 1197 517 parebunt
1211 459 1258 500 ?“
1316 460 1433 513 Piget
1463 477 1532 501 me
1563 459 1704 501 dicere

285 541 444 595 aliquid
478 557 523 580 cx
555 540 628 586 his,
658 556 766 594 quae
795 539 900 579 lecta
930 550 1038 581 sunt.
1106 539 1215 579 Nam
1255 550 1294 578 et
1333 537 1563 592 Apostolus
1604 535 1705 577 dicit

285 619 339 658 de
387 614 682 673 hujuscemodi
728 615 1016 665 sermonibus,
1078 615 1175 670 quia
1232 612 1639 669 „ininterpretabiles
1656 611 1702 666 ²)

282 707 379 738 sunt
410 696 462 734 ad
494 692 746 733 dicendum:
779 692 982 747 quoniam
1013 709 1108 742 vos,
1148 691 1306 747 inquit,
1345 690 1576 732 imbecilles
1606 688 1703 729 facti

284 771 374 813 estis
406 771 458 810 ad
490 769 791 811 audiendum.“

393 848 431 889 2.
464 847 694 888 Videamus
724 857 864 886 tamen
898 845 992 894 hoc,
1024 847 1140 901 quod
1167 845 1289 885 nobis
1319 846 1451 885 modo
1483 843 1702 884 recitatum

285 938 353 967 est.
413 922 708 977 „Rebecca,³)
741 922 897 977 inquit,
943 924 1135 964 veniebat
1183 939 1278 962 cum
1322 922 1488 962 filiabus
1531 919 1704 960 civitatis

284 1003 454 1045 haurire
486 1017 639 1055 aqu-‘un
671 1000 722 1039 de
754 1005 926 1053 puteof‘
976 1000 1171 1040 Rebecca
1205 998 1396 1055 quotidie:
1425 997 1619 1038 veniebat
1649 998 1702 1037 ad

283 1091 445 1135 puteos,
478 1075 668 1130 quotidie
700 1075 921 1116 hauriebat
950 1093 1117 1131 aquam.
1191 1077 1246 1117 Et
1284 1076 1380 1132 quia
1412 1074 1603 1130 quotidie
1632 1090 1699 1114 va·

284 1156 406 1196 cahat
438 1155 489 1193 ad
518 1162 691 1207 puteos,
732 1150 892 1191 idcireo
932 1152 1111 1192 inveniri
1151 1154 1344 1207 potuita
1387 1169 1523 1208 puero
1565 1153 1702 1192 Abra-

282 1234 394 1281 ham,
424 1242 464 1271 et
491 1229 533 1269 in
565 1226 885 1268 matrimonium
918 1227 1070 1269 sociari
1100 1228 1224 1270 Isaac.
1285 1231 1408 1271 Haec
1428 1229 1591 1269 fabulas
1621 1246 1698 1283 pu-

282 1310 373 1350 tatis
405 1324 502 1357 esse,
534 1316 573 1345 et
603 1304 796 1345 historias
827 1320 1000 1344 narrare
1031 1304 1076 1345 in
1107 1305 1337 1361 Scripturis
1369 1304 1575 1361 Spiritum
1608 1321 1702 1346 san-

281 1384 426 1427 etum?
473 1383 724 1423 Animarum
750 1393 807 1423 est
834 1381 909 1422 ista
942 1381 1138 1431 eruditio,
1171 1394 1211 1423 et
1239 1382 1465 1438 spiritualis
1496 1382 1704 1431 doctrina,
1762 1387 1764 1424 ζ

283 1479 390 1519 quae
421 1473 461 1501 te
491 1458 682 1508 instituit,
713 1471 752 1499 et
783 1460 909 1499 docet
939 1459 1129 1514 quotidie
1161 1459 1303 1501 venire
1332 1461 1386 1500 ad
1414 1471 1566 1515 puteos
1589 1457 1700 1499 Scri-

283 1554 526 1596 pturarum,
565 1538 618 1577 ad
659 1552 787 1590 aquas
823 1535 1003 1592 Spiritus
1043 1538 1195 1586 sancti,
1237 1548 1276 1577 et
1314 1535 1486 1576 haurire
1522 1550 1701 1589 semper,

283 1635 331 1658 ac
362 1618 538 1672 plenum
568 1630 637 1653 vas
678 1614 857 1653 domum
899 1613 1077 1661 referre,
1115 1613 1223 1655 sieut
1260 1614 1443 1655 faciebat
1485 1623 1525 1653 et
1559 1622 1701 1652 sancta

284 1695 497 1741 Rebecca,
539 1706 645 1746 quae
682 1706 773 1730 non
814 1689 934 1729 aliter
971 1688 1087 1745 jungi
1126 1691 1331 1746 potuisset
1357 1701 1477 1731 tanto
1515 1686 1699 1729 Patriar—

283 1773 387 1813 chae
416 1770 544 1815 Isaac,
575 1767 645 1822 qui
677 1782 723 1807 ex
755 1765 1084 1821 repromissione
1115 1778 1236 1808 natus
1257 1779 1328 1816 est,
1357 1765 1437 1807 nisi
1461 1765 1698 1806 hauriendo

283 1864 431 1903 aquas:
473 1856 514 1885 et
549 1843 593 1884 in
634 1855 796 1904 tantum
839 1842 1101 1891 hauriendo,
1146 1853 1191 1882 ut
1229 1860 1318 1884 non
1368 1843 1510 1884 solum
1549 1854 1699 1898 potare

280 1929 421 1975 posset
450 1935 535 1969 eos,
566 1920 638 1975 qui
668 1920 788 1960 domi
804 1919 850 1975 4)
879 1930 996 1968 sunt,
1025 1920 1099 1960 sed
1130 1931 1169 1959 et
1213 1934 1395 1973 puerum
1439 1918 1696 1960 Abrahami:

281 2009 321 2038 et
350 2014 439 2038 non
469 2008 630 2037 tantum
662 2013 858 2051 puerum,
887 1996 959 2037 sed
991 2007 1030 2036 et
1061 2012 1110 2035 eo
1139 2011 1273 2050 usque
1302 1996 1541 2036 abundaret
1570 1994 1700 2051 aquis,

282 2092 384 2130 quas
415 2073 634 2114 hauriebat
664 2075 714 2114 de
744 2072 904 2127 puteis,
933 2084 979 2112 ut
1010 2084 1049 2112 et
1080 2073 1265 2113 camelos
1295 2084 1437 2127 posset
1465 2074 1698 2128 adaquare:

283 2152 499 2206 ‚,usque⁵)
532 2168 617 2206 quo
651 2161 869 2198 cessarent,
899 2148 1049 2204 inquit,
1080 2150 1312 2190 bibentes.“
1376 2150 1573 2208 Blysteria
1603 2161 1700 2191 sunt
1757 2160 1759 2166 ·

283 2240 454 2278 cuncta,
494 2245 602 2283 quae
643 2227 797 2282 scripta
838 2238 954 2268 sunt:
995 2228 1082 2266 vult
1121 2238 1162 2266 te
1197 2225 1383 2266 Christus
1412 2226 1491 2267 sibi
1514 2228 1698 2280 despon-

281 2324 382 2348 sare.
441 2306 509 2346 Ad
539 2316 579 2344 te
611 2305 721 2344 enim
756 2303 944 2357 loquitur
982 2320 1059 2357 per
1097 2303 1350 2358 prophetam
1382 2302 1546 2342 dicens:
1593 2303 1694 2350 „de-

280 2384 494 2439 sponsabo
512 2380 557 2437 6)
589 2393 630 2421 te
659 2380 764 2421 mihi
794 2380 837 2420 in
870 2391 1111 2429 aeternum,
1155 2391 1192 2419 et
1222 2379 1490 2433 desponsabo
1523 2390 1563 2418 te
1591 2377 1696 2417 mihi

279 2463 323 2502 in
354 2461 439 2500 fide
469 2471 509 2500 et
537 2457 848 2505 misericordia,
900 2470 939 2498 et
979 2472 1206 2507 cognosces
1237 2454 1522 2501 Dominum,“
1581 2453 1695 2508 Quia

397 2651 440 2705 Ι)
470 2650 489 2689 Ι
520 2649 630 2689 Petr.
661 2646 732 2695 IV,
762 2647 826 2688 18.
946 2645 991 2698 ²)
1023 2646 1154 2686 Hebr.
1186 2645 1236 2694 V,
1267 2645 1332 2686 11.

393 2719 442 2773 3)
474 2717 626 2759 Genes.
655 2717 813 2765 XXIV,
845 2717 909 2757 15.
1029 2714 1075 2771 4)
1105 2715 1215 2757 Edd.
1246 2713 1440 2756 Merlini:
1473 2710 1645 2753 domiui.

395 2788 440 2842 ⁵)
474 2788 624 2829 Genes.
656 2787 814 2834 XXIV,
846 2786 912 2830 19.

396 2858 440 2910 ὓ)
473 2857 574 2899 Hos.
607 2857 656 2906 II,
693 2858 759 2900 19,
793 2858 857 2900 20.
