1764 3096
270 76 355 121 174
872 74 1096 118 Omenms

268 199 340 229 tur
369 185 618 244 expositum.
684 184 758 228 Sal
790 186 902 228 enim
933 187 1187 244 prudentiae
1227 187 1326 229 loco
1356 186 1557 243 ponitur,
1592 206 1699 247 quae

269 265 308 307 ei
338 265 484 307 defuit.
559 263 779 306 Pertendit
810 280 908 317 ergo
941 266 1023 307 Lot
1055 265 1098 307 in
1130 265 1279 318 Segor,
1311 265 1456 321 ibique
1485 265 1699 323 paulisper

270 342 460 384 collectis
491 340 663 391 viribus,
695 358 796 399 quas
828 341 871 383 in
902 342 1105 384 Sodomis
1136 343 1295 384 habere
1324 359 1413 384 non
1439 342 1594 398 potuit,
1624 345 1700 385 ad-

267 419 432 462 scendit
461 419 506 461 in
534 431 749 470 montem,
799 431 841 462 et
881 419 943 461 ibi
972 421 1201 471 habitavit,
1238 444 1293 452 —
1322 419 1445 464 sicuti
1481 419 1702 478 Scriptura

269 497 374 540 dicit
404 523 472 549 —,
502 497 605 554 ipse,
637 508 677 539 et
707 498 817 539 duae
847 497 960 539 filiae
992 496 1081 555 ejus
1113 515 1209 539 cum
1243 514 1309 539 co.

381 576 420 620 3.
460 575 565 616 Post
605 574 711 615 haec
750 571 835 630 jam
882 576 1066 617 refertur
1098 575 1174 617 illa
1227 573 1502 617 famosissima
1541 574 1702 624 sabula,

267 653 312 695 in
345 670 428 709 qua
458 651 658 694 scribitur
686 651 793 694 filias
825 649 915 708 ejus
946 664 1035 693 arte
1065 654 1224 694 furat-as
1256 651 1532 695 concubitum
1556 649 1700 707 patr-Is.

267 731 317 772 In
350 747 437 786 quo
468 730 634 780 nescio,
684 728 719 771 si
761 728 854 786 quis
894 740 1038 785 potest
1067 746 1264 772 excusare
1293 730 1350 772 ita
1380 730 1484 780 Lot,
1524 740 1573 770 ut
1604 745 1701 770 eum

265 809 502 851 immunem
534 807 658 850 faciat
688 823 711 848 a
741 818 930 863 peccato.
1007 808 1160 864 Neque
1204 825 1373 850 rursum
1414 807 1471 848 ita
1502 822 1600 847 eum
1632 821 1702 846 ac—

268 888 506 928 cusandum
537 897 659 942 puto,
691 884 800 940 ut¹)
832 896 917 926 tam
948 884 1081 938 gravis
1111 884 1257 927 incesti
1289 885 1381 927 fieri
1409 885 1562 926 debeat
1591 899 1703 925 reus.

266 965 368 1005 Non
400 962 513 1005 enim
542 962 713 1004 invenio
747 978 845 1003 eum
876 962 1122 1004 insidiatum
1154 979 1253 1012 esse,
1284 974 1357 1003 aut
1379 962 1589 1003 violenter
1619 959 1702 1002 eri·
1753 980 1756 993 ·

265 1041 406 1097 puisse
424 1038 673 1096 pudicitiam
694 1039 892 1090 filiarum,
913 1042 986 1082 scd
1004 1040 1134 1094 magis
1151 1040 1322 1083 insidias
1340 1057 1523 1096 passum,
1548 1051 1588 1080 et
1611 1049 1701 1078 arte

266 1117 650 1173 circumscriptum.
712 1116 799 1158 Sed
823 1134 963 1173 neque
983 1136 1153 1161 rursum
1171 1119 1481 1160 circumventus
1512 1116 1659 1158 fuisset
1679 1131 1702 1156 a

268 1196 438 1252 puellis,
467 1194 548 1236 nisi
565 1193 768 1236 inebriari
793 1195 1013 1250 potuisset.
1051 1196 1182 1237 Unde
1204 1195 1371 1237 videtur
1390 1194 1496 1236 mihi
1520 1193 1564 1235 in
1581 1204 1704 1250 parte

267 1273 505 1329 culpabilis,
527 1271 572 1312 in
601 1283 723 1327 parte
751 1272 1000 1314 excusabilis
1037 1272 1230 1315 inveniri.
1284 1272 1488 1314 Excusari
1512 1286 1700 1326 namque

263 1362 418 1409 potest,
439 1350 559 1406 quod
586 1364 609 1390 a
631 1349 999 1405 concupiscentiae
1021 1362 1062 1391 et
1083 1349 1371 1407 voluptatis2)
1393 1348 1569 1392 crimine
1593 1348 1704 1389 liber

266 1440 339 1479 est,
359 1441 399 1470 et
422 1427 520 1485 quia
548 1416 690 1483 neque
717 1426 811 1484 ipse
842 1426 1027 1469 voluisse
1057 1427 1258 1482 arguitur,
1289 1443 1431 1483 neque
1459 1425 1702 1468 volentibus
1760 1436 1764 1467 ἕ

264 1505 538 1548 consensisse.
570 1503 776 1562 Subjacet
790 1521 891 1546 vero
917 1505 1081 1562 culpae,
1104 1507 1222 1563 quod
1246 1504 1386 1561 decipi
1403 1503 1557 1561 potuit,
1583 1503 1703 1559 quod
1762 1503 1764 1540 ἶ

262 1583 363 1624 vino
392 1582 517 1624 nimis
546 1581 748 1633 indulsit,
790 1594 831 1624 et
860 1583 945 1624 hoe
987 1601 1079 1625 non
1109 1585 1264 1635 semel,
1301 1584 1377 1625 sed
1405 1581 1560 1624 iterum
1588 1580 1703 1622 fecit.

262 1661 374 1703 Nam
406 1672 448 1702 et
475 1660 567 1717 ipsa
585 1659 806 1716 Scriptura
835 1661 941 1702 mihi
972 1662 1141 1703 videtur
1170 1677 1251 1717 pro
1286 1677 1337 1702 eo
1371 1658 1699 1716 quodammodo
1758 1661 1762 1668 “

263 1738 517 1788 satisfacere,
548 1754 647 1778 cum
680 1736 804 1779 dicit:
847 1728 1150 1794 „nesciebat³)
1183 1737 1316 1787 enim,
1362 1753 1461 1778 cum
1492 1735 1701 1777 dormiret
1760 1754 1761 1757 ¹

265 1833 363 1858 cum
393 1815 456 1866 iis,
486 1826 527 1856 et
556 1831 654 1856 cum
685 1821 916 1868 surgeret.“
991 1816 1062 1857 De
1091 1815 1259 1858 filiabus
1291 1815 1374 1856 hoc
1410 1831 1502 1856 non
1533 1812 1710 1863 diciturss

264 1909 374 1951 quae
415 1893 555 1936 studio
600 1904 639 1933 et
683 1904 773 1934 arte
819 1892 1039 1949 decipiunt
1082 1905 1264 1948 patrem.
1343 1893 1423 1936 Ille
1465 1903 1609 1932 tamen
1655 1891 1701 1933 in

261 1983 431 2012 tantum
468 1972 632 2026 sopitus
675 1981 734 2012 est
783 1969 905 2020 vino,
962 1982 1011 2011 ut
1049 1970 1232 2011 nesciret
1273 1969 1481 2011 dormisse
1517 1985 1561 2010 se
1601 1985 1702 2010 cum

262 2050 348 2091 filia
377 2048 547 2105 priore,
585 2064 728 2103 neque
769 2064 867 2088 cum
896 2047 983 2089 filia
1000 2046 1045 2104 ⁴¹)
1078 2046 1261 2104 juniore.
1329 2046 1489 2088 Audite
1520 2047 1700 2088 ebrietas

263 2127 368 2182 quid
400 2138 515 2179 agat,
543 2125 710 2175 audite,
743 2138 948 2181 quantum
981 2124 1180 2166 facinoris
1211 2123 1410 2166 conciliet
1437 2124 1700 2166 temulentia.
1762 2143 1764 2147 ⁴

263 2202 423 2245 Audite
463 2214 504 2243 et
534 2214 677 2258 cavete
706 2203 868 2255 vos,⁵)
902 2202 1057 2259 quibus
1087 2202 1201 2244 istud
1229 2204 1391 2244 malum
1421 2218 1511 2242 non
1540 2201 1586 2242 in
1617 2200 1699 2242 cri-

261 2280 401 2330 mine,
454 2280 529 2320 sed
570 2279 615 2320 in
654 2297 734 2321 usu
775 2292 846 2321 est.
916 2280 1111 2322 Ebrietas
1143 2279 1311 2336 decipit,
1343 2295 1470 2336 quem
1503 2280 1698 2320 Sodoma

260 2375 352 2400 non
383 2356 559 2413 decepit.
627 2356 780 2397 Uritur
824 2356 897 2397 ille
935 2357 1117 2398 flammis
1148 2357 1398 2406 mulierum,
1444 2373 1571 2412 quem
1610 2358 1697 2398 sul-

263 2437 427 2492 phurea
457 2435 628 2476 flamma
659 2451 750 2475 non
789 2433 902 2477 ussit.
971 2435 1076 2476 Erat
1107 2449 1205 2486 ergo
1237 2435 1319 2474 Lot
1349 2446 1459 2484 arte,
1499 2450 1590 2474 non
1620 2449 1695 2474 vo-

383 2626 426 2681 1)
457 2624 570 2665 Edd.
600 2622 798 2665 Merlini:
829 2635 877 2664 ut
905 2623 961 2665 ita
993 2624 1124 2676 gravis
1167 2635 1246 2665 etc.

379 2694 426 2749 2)
456 2693 567 2734 Edd.
597 2693 795 2735 {Mcrliniz
825 2694 1064 2736 voluntatis.
1184 2693 1231 2749 ³)
1264 2693 1418 2738 Genes.
1449 2692 1570 2744 XIX,
1599 2694 1666 2737 35.

378 2763 424 2818 ⁴²)
454 2763 735 2806 Desideratur
764 2765 902 2815 „filia“
935 2765 980 2806 in
1012 2766 1109 2807 edd.
1141 2764 1204 2808 M.

380 2834 426 2889 5)
454 2835 564 2878 Edd.
597 2835 795 2878 Mei-lini:
827 2852 899 2877 vos
932 2852 956 2876 o
990 2835 1156 2893 quibus,
