1764 3096
304 67 389 112 126
904 62 1126 106 Ommzxis

417 179 483 222 15.
511 177 744 219 Videamus
777 188 916 218 autem
950 177 1073 219 ctiam
1102 193 1181 234 per
1219 176 1465 229 allegoriam
1497 181 1721 233 quomodo

305 259 357 301 ad
380 256 605 310 imagincm
631 256 713 298 Dei
740 257 875 297 homo
902 256 1033 296 factus
1061 255 1273 296 masculus
1296 265 1337 295 et
1364 254 1521 296 femina
1543 267 1613 296 est.
1651 258 1725 298 In-

303 338 436 378 terior
466 336 599 377 homo
631 347 774 376 noster
805 349 851 374 ex
881 332 1028 388 spiritu
1071 344 1109 373 et
1141 332 1281 373 anima
1313 343 1489 374 constat.
1552 332 1726 375 Mascu-

303 415 368 457 lus
398 413 567 471 spiritus
600 411 765 460 dicitur,
795 410 954 451 femina
985 410 1123 451 anima
1148 419 1287 464 potest
1303 409 1560 466 nuncupari.
1605 409 1726 452 Haec

301 493 334 535 si
368 489 647 534 concordiam
678 488 787 529 inter
815 504 858 529 se
889 487 1072 528 habeant
1104 498 1142 531 et
1163 502 1433 538 consensum,
1467 489 1725 529 convenien—

303 570 359 611 tia
391 570 499 610 inter
527 582 571 608 se
601 565 692 621 ipsa
726 576 919 606 crescunt
949 576 987 605 et
1030 564 1391 619 multiplicantur,
1437 577 1726 622 generantque

302 647 414 688 filios
443 661 586 686 sensus
617 645 779 693 bonos,
822 654 861 683 et
889 643 1146 690 intellectus,
1189 642 1252 681 vel
1285 641 1559 694 cogitationes
1589 642 1725 694 utiles,

300 741 379 780 per
411 739 520 780 quae
548 722 741 777 repleant
769 733 946 770 terram,
980 732 1019 762 et
1047 718 1326 760 dominentur
1353 718 1396 760 in
1430 735 1497 761 ea:
1536 718 1620 760 hoc
1653 731 1725 769 est,

302 799 538 856 subjectum
576 798 656 842 sibi
691 815 858 840 sensum
901 799 1036 840 carnis
1079 799 1132 838 ad
1171 796 1352 837 meliora
1390 796 1578 839 instituta
1619 813 1724 838 con-—

301 890 489 927 vertunt,
534 888 574 919 et
614 876 891 918 dominantur
931 875 998 926 iis,
1045 874 1202 916 scilicet
1245 889 1342 914 cum
1382 874 1426 915 in
1468 876 1589 916 nullo
1625 892 1724 918 caro

303 968 451 998 contra
479 957 741 996 voluntatem
771 953 938 1010 spiritus
968 951 1192 994 insolescit.
1253 951 1352 992 Jam
1381 968 1482 994 vero
1515 953 1550 995 si
1582 952 1724 994 anima

303 1031 533 1090 conjuncta
577 1032 765 1087 spiritui,
815 1042 939 1085 atque
969 1028 1075 1086 ejus,
1124 1040 1170 1070 ut
1213 1028 1268 1069 ita
1314 1029 1476 1080 dicam,
1521 1027 1724 1087 conjugio

302 1111 525 1167 copulata,
579 1107 760 1149 declinet
807 1107 1039 1161 aliquando
1089 1108 1142 1148 ad
1189 1123 1418 1163 corporeas
1473 1109 1724 1163 voluptates,

299 1202 554 1242 sensumque
593 1201 717 1226 suum
771 1184 813 1224 in
863 1184 1214 1225 delectationibus
1261 1184 1500 1230 carnalibus
1538 1185 1726 1233 inclinet,

302 1277 342 1305 et
385 1264 617 1319 aliquando
667 1261 841 1317 quidem
887 1262 1186 1316 obtemperare
1235 1260 1429 1301 videatur
1471 1261 1726 1304 salutaribus

300 1342 474 1383 monitis
520 1339 712 1395 spiritus,
772 1338 1004 1393 aliquando
1060 1354 1161 1379 vero
1201 1338 1308 1380 vitiis
1362 1338 1603 1381 carnalibus
1654 1355 1722 1380 ce-

301 1422 398 1470 dat,
437 1418 530 1460 talis
561 1417 701 1458 anima
739 1417 852 1457 velut
884 1415 1092 1456 adulterio
1144 1415 1340 1471 corporis
1377 1416 1611 1466 maculata,
1648 1432 1727 1457 ne-

301 1513 384 1553 que
430 1510 638 1542 crescere,
683 1509 822 1549 neque
863 1492 1136 1547 multiplicari
1172 1493 1357 1544 legitime
1398 1492 1574 1544 dicitur,
1613 1509 1722 1549 quo-

299 1575 417 1616 niam
467 1572 641 1629 quidem
680 1570 790 1611 filios
839 1570 1134 1611 adulterorum
1181 1571 1453 1626 imperfectos
1500 1570 1723 1626 Scriptura

302 1651 503 1703 designat.
561 1649 676 1690 Talis
709 1649 820 1689 enim
855 1648 1014 1697 anima,
1059 1664 1167 1704 quae
1204 1649 1375 1703 spiritus
1414 1646 1724 1704 conjunctione

301 1731 477 1777 deserta,
506 1727 646 1768 sensui
677 1742 718 1767 se
751 1725 909 1774 carnis,
940 1736 979 1765 et
1013 1725 1228 1766 desideriis
1259 1725 1557 1781 corporalibus
1588 1735 1723 1765 totam

298 1804 551 1862 prosternit,
593 1804 705 1843 velut
742 1818 883 1843 aversa
923 1818 945 1843 a
976 1803 1073 1843 Deo
1106 1802 1403 1858 impudenter,
1449 1802 1592 1843 audiet
1624 1801 1724 1857 quia

298 1881 512 1936 „facies¹)
543 1866 774 1921 meretricis
804 1881 910 1920 facta
943 1891 1001 1921 est
1028 1879 1125 1929 tibi,
1171 1878 1261 1920 sine
1300 1880 1470 1933 pudore
1500 1879 1650 1919 effecta
1681 1894 1724 1919 es

301 1962 353 2002 ad
386 1963 574 2000 omnes.“
640 1956 785 1998 Veluti
824 1956 1022 1998 meretrix
1062 1972 1160 2009 ergo
1192 1956 1418 2012 punietur,
1442 1967 1498 2001 ,et
1526 1950 1605 1997 filii
1635 1954 1724 2012 ejus

300 2039 354 2079 ad
385 2035 645 2078 occisionem
676 2033 983 2090 praeparari2)
1012 2031 1290 2091 jubentur.³)

414 2114 480 2157 16.
511 2112 594 2162 „Et
609 2110 654 2167 4)
696 2112 979 2154 dominamini
1017 2112 1196 2168 piscium
1226 2111 1377 2162 maris,
1415 2123 1456 2153 et
1485 2112 1723 2154 volatilium

302 2191 430 2240 coeli,
471 2200 511 2230 et
541 2188 854 2246 jumentorum,
894 2201 934 2229 et
965 2189 1180 2240 omnium,
1219 2205 1329 2245 quae
1357 2201 1454 2230 sunt
1480 2205 1609 2245 super
1636 2200 1723 2231 ter-

301 2284 406 2317 ram,
438 2266 538 2321 et5)
568 2266 830 2320 repentium,
876 2282 985 2322 quae
1015 2277 1171 2322 repunt
1209 2281 1338 2320 super
1367 2270 1564 2309 terram.“
1621 2266 1723 2309 Jam
1762 2261 1764 2267 Α

300 2346 406 2387 haec
435 2343 706 2399 interpretata
736 2353 833 2383 sunt
861 2344 1098 2385 secundum
1127 2342 1305 2393 literam,
1342 2357 1440 2383 cum
1471 2341 1724 2393 diceremus,

417 2497 461 2552 1)
491 2496 648 2537 Jerem.
680 2495 752 2545 ΙΙΙ,
781 2498 820 2539 3.
941 2495 987 2550 2)
1016 2494 1139 2537 Jesai.
1169 2494 1284 2546 XIV,
1314 2496 1382 2539 21.

416 2568 463 2620 3)
493 2567 591 2607 Mss.
621 2564 890 2622 ,‚jubentur.“
940 2566 1055 2607 Libri
1075 2564 1175 2607 editi
1204 2570 1266 2621 (v.
1298 2582 1334 2609 c.
1368 2567 1464 2610 edd.
1495 2564 1599 2623 M.):
1630 2565 1716 2616 „vi-

299 2625 554 2666 debuntur.“
582 2621 634 2664 R.

417 2693 464 2750 ⁴¹)
496 2693 648 2736 Genes.
677 2692 709 2745 Ι,
738 2693 805 2737 28.

417 2763 462 2820 5)
491 2764 593 2807 Mss.
625 2776 664 2806 et
693 2764 946 2820 repentium,
978 2779 1087 2818 quae
1117 2767 1297 2820 repunt“
1327 2774 1404 2804 etc.
1469 2760 1587 2802 Libri
1616 2758 1716 2802 editi

301 2820 359 2876 (e.
392 2837 426 2864 c.
457 2821 550 2864 edd.
582 2821 687 2878 MQ:
718 2821 1014 2877 „serpentium,
1044 2836 1154 2877 quae
1181 2824 1363 2877 repunt“
1393 2830 1469 2862 etc.
1500 2819 1550 2860 R.
