1764 3096
0 2991 12 3096 ‘'qv-*c
0 2925 10 2980 ’νὴ
0 2842 8 2911 *ῆν-Α
0 2791 7 2826 ¹-

504 109 552 141 ηε
583 97 782 139 Gnmzsm
812 93 1015 137 HommA
1033 96 1086 137 V.
1422 95 1507 140 175

31 265 36 271 ,
87 216 249 257 luntate
280 213 493 267 deceptus.
544 209 648 250 Ideo
678 206 844 248 medius
876 205 1049 262 quidam
1080 215 1142 246 est
1170 203 1280 247 inter
1307 218 1505 261 peccato-

87 310 152 334 res
184 303 224 334 et
254 290 404 349 justos:
436 284 594 341 quippe
625 282 698 339 qui
729 299 776 324 ex
794 282 1026 324 Abrahami
1056 282 1229 339 quidem
1254 283 1506 336 cognatione

89 364 364 414 descenderit,
392 363 434 404 in
470 361 671 404 Sodomis
703 372 845 401 tamen
882 359 1142 402 habitaverit.
1199 361 1310 401 Nam
1341 371 1381 401 et
1410 361 1508 411 hoc,

90 445 208 501 quod
246 440 382 484 evadit
418 455 467 480 ex
496 437 722 488 Sodomis,
751 465 807 475 —
846 437 955 479 sicut
992 437 1213 493 Scriptura
1252 437 1410 480 indicat
1440 463 1508 489 —,

86 520 216 573 magis
245 520 300 560 ad
329 518 541 558 honorem
574 515 824 565 Abrahami‚
856 532 982 572 quam
1014 516 1068 556 ad
1097 514 1295 556 meritum
1324 515 1509 571 pertinet

87 600 181 639 Lot.
237 594 307 638 Sic
337 593 449 634 enim
480 593 556 634 ait:
587 604 657 643 „et
675 591 718 648 ι)
750 593 910 634 sactum
942 604 1024 644 est,
1051 592 1213 648 inquit,
1243 609 1342 634 cum
1373 604 1508 634 exter-

87 675 266 715 minaret
293 671 413 712 Deus
442 669 624 711 civitates
656 670 966 722 Sodomorum,
997 672 1243 712 recordatus
1274 681 1335 712 est
1351 670 1508 712 Domi-

87 768 163 792 nus
196 747 443 799 Abrahami‚
476 760 516 790 et
547 747 669 804 ejecit
698 748 781 788 Lot
811 747 865 788 de
894 758 1006 789 terra
1035 747 1149 788 illa.“

196 826 236 867 4.
270 826 358 867 Sed
394 838 435 867 et
473 824 659 866 filiarum
701 823 788 882 ejus
828 824 1098 881 propositum
1127 836 1233 880 puto
1267 824 1508 878 diligentius

86 903 465 953 considerandum,
503 918 559 942 ne
600 903 712 944 sorte
743 901 868 943 etiam
897 902 1013 957 ipsae
1042 918 1133 942 non
1161 913 1340 954 tantum,
1371 920 1507 959 quan-

86 994 177 1023 tum
206 992 393 1038 putatur,
410 980 456 1035 ²)
487 978 680 1036 accipere
711 979 896 1022 criminis
915 992 1170 1021 mereantur.
1218 979 1365 1021 Refert
1394 979 1508 1021 enim

66 1058 317 1116 'Scriptura,
348 1057 447 1113 quia
487 1056 683 1098 dixerunt
718 1057 900 1099 invicem
939 1058 1032 1100 sibi.
1098 1058 1326 1113 „Pater,³)
1363 1057 1507 1113 inqui-

85 1148 175 1186 unt,
204 1147 350 1176 noster
377 1150 503 1175 senex
535 1144 609 1183 est,
639 1147 681 1176 et
707 1152 837 1181 nemo
871 1147 931 1177 est
960 1151 1088 1190 super
1114 1145 1294 1185 terram,
1340 1133 1412 1190 qui
1441 1134 1507 1175 in-

85 1225 166 1254 tret
196 1214 249 1254 ad
278 1229 379 1262 nos,
408 1211 516 1253 sicut
545 1211 743 1254 convenit
773 1211 892 1253 omni
922 1223 1072 1254 terrae.
1140 1212 1269 1263 Veni,
1306 1224 1348 1254 et
1383 1224 1507 1268 pote-

84 1307 179 1334 mus
208 1300 374 1344 patrem
401 1301 597 1330 nostrum
622 1290 735 1339 vino,
767 1301 808 1330 et
838 1289 1100 1331 dormiamus
1122 1306 1219 1331 cum
1250 1306 1315 1340 eo,
1346 1301 1386 1330 et
1415 1307 1506 1331 sus-

86 1367 261 1408 citemus
292 1367 346 1407 de
381 1377 502 1421 patre
530 1377 678 1406 nostro
709 1372 892 1409 semen.“
960 1366 1181 1421 Quantum
1212 1368 1266 1408 ad
1296 1384 1368 1417 ca,
1400 1384 1508 1423 quae

86 1445 141 1484 de
170 1443 232 1484 his
264 1441 366 1484 dicit
399 1441 640 1498 Scriptura,
678 1441 846 1484 videtur
887 1443 1012 1485 etiam
1051 1460 1132 1500 pro
1164 1444 1262 1500 ipsis
1294 1446 1507 1501 quodam-

84 1523 218 1562 modo
257 1519 504 1563 satisfacere.
582 1520 774 1575 Apparet
810 1528 998 1577 namque
1046 1521 1153 1563 filias
1191 1522 1274 1561 Lot
1313 1521 1508 1562 didicisse

84 1599 294 1654 quaedam
326 1598 379 1638 de
409 1597 776 1637 consummatione
805 1597 980 1648 mundi,
1024 1614 1132 1654 quae
1160 1597 1402 1639 immineret
1429 1615 1509 1654 per

65 1675 246 1728 -ignem,
289 1675 364 1716 sed
393 1685 597 1729 tanquam
627 1674 796 1734 pueliae
825 1690 916 1716 non
945 1674 1106 1726 integre
1134 1677 1409 1731 perfecteque
1440 1675 1507 1717 di-

83 1752 285 1802 dicerant,
314 1750 566 1801 nescierunt,
596 1752 715 1807 quod
744 1751 1020 1794 Sodomiticis
1038 1752 1281 1805 regionibus
1310 1752 1407 1806 igne
1436 1770 1509 1795 va-

82 1830 209 1881 statis,
239 1831 425 1871 multum
454 1829 594 1870 adhuc
623 1828 746 1885 spatii
775 1828 987 1883 integrum
1022 1830 1223 1872 resideret
1253 1829 1298 1871 in
1327 1831 1507 1871 mundo,

82 1908 324 1950 Audierunt
351 1906 397 1948 in
426 1907 512 1948 fine
540 1907 696 1949 saeculi
725 1917 882 1949 terram
919 1920 960 1949 et
990 1907 1135 1950 omnia
1165 1908 1372 1949 elementa
1401 1907 1507 1961 ignis

83 1986 239 2026 ardore
268 1985 558 2039 decoquenda.
605 1984 823 2026 videbant
846 1985 1000 2037 ignem,
1028 1985 1230 2026 videbant
1257 1985 1506 2040 sulphureas

82 2061 286 2110 flammas,
317 2060 518 2102 videbant
547 2073 698 2102 cuncta
727 2061 889 2105 vastari.
956 2063 1142 2103 Matrem
1182 2078 1357 2118 quoque
1385 2078 1507 2103 suam

82 2138 282 2180 videbant
321 2155 412 2179 non
453 2154 540 2179 esse
569 2139 790 2189 salvatam,
831 2139 1063 2195 suspicatae
1102 2152 1202 2180 sunt
1231 2141 1314 2181 tale
1344 2138 1506 2195 aliquid

82 2217 263 2267 sactum,
294 2216 418 2272 quale
449 2215 494 2256 in
521 2215 789 2271 temporibus
820 2216 1041 2258 audierant
1069 2217 1189 2269 Noe,
1221 2228 1263 2258 ct
1292 2218 1350 2258 ob
1380 2233 1504 2273 repa—

47 2339 51 2342 ,
82 2293 262 2334 randam
301 2291 549 2333 mortalium
577 2292 869 2348 posteritatem
898 2294 1010 2335 solas
1038 2310 1082 2336 se
1113 2310 1200 2335 esse
1216 2311 1312 2335 cum
1329 2305 1506 2350 parente

83 2381 273 2412 servatas.
328 2370 628 2425 Recuperandi
672 2370 796 2423 igitur
836 2371 1012 2412 humani
1043 2371 1204 2424 generis
1247 2372 1503 2413 desiderium

84 2459 270 2497 sumunt,
299 2459 426 2503 atque
455 2446 719 2489 instaurandi
761 2448 917 2491 sacculi
950 2465 997 2490 cx
1027 2465 1069 2489 se
1101 2449 1290 2490 dandum
1322 2448 1504 2505 opinan-

82 2534 153 2564 tur
183 2524 415 2566 exordium.
482 2525 538 2566 Et
578 2525 766 2582 quamvis
806 2528 965 2579 grande
1002 2526 1052 2568 iis
1090 2525 1250 2568 crimen
1290 2526 1505 2568 videretur

205 2704 247 2759 ¹)
280 2705 431 2748 Genes.
461 2707 580 2757 XIX,
608 2710 675 2752 29.

199 2774 245 2829 ²)
276 2775 386 2816 Edd.
416 2777 609 2821 Merlini:
647 2791 863 2836 putantur.

200 2843 246 2898 ³)
279 2843 430 2889 Genes.
463 2846 584 2898 XIX,
613 2839 680 2895 3‘1.
711 2850 777 2892 3'2.
