1764 3096
227 93 312 138 281
831 92 1052 135 Omen-:ms

230 208 304 259 dit,
334 207 378 249 id
411 219 482 260 est,
515 207 651 259 legem
681 206 828 248 veteris
857 205 1118 257 testamenti,
1165 221 1292 260 quam
1324 215 1451 262 saepe
1479 223 1653 264 praeva-

229 285 406 326 ricando
438 284 674 326 maculavit.
744 285 876 344 Quod
916 295 1052 324 autem
1094 283 1138 324 in
1170 283 1439 324 concubinae
1469 300 1652 339 persona

228 363 293 403 lex
333 363 481 403 veteris
531 360 766 403 testamenti
812 373 1018 416 ponatur,
1069 359 1226 399 Paulus
1268 359 1434 410 docuit,
1488 361 1652 403 dicens:

236 439 484 490 „Abraham
507 436 547 493 Ι)
575 438 682 480 duos
703 437 813 479 filios
845 437 1005 486 habuit,
1037 453 1170 477 unum
1189 437 1241 476 de
1263 437 1429 487 aneilla,
1461 449 1500 478 et
1516 455 1651 478 unum

230 515 283 555 de
323 514 468 554 libera.
538 513 655 556 Haec
703 527 841 556 autem
883 527 977 557 sunt
1017 515 1102 555 duo
1135 519 1425 554 testamenta.“
1484 515 1531 555 In
1567 531 1652 569 quo

226 593 367 642 Agar,
409 607 517 645 quae
549 593 790 633 concubina
820 592 921 643 suit,
961 591 1004 632 in
1036 592 1181 632 veteris
1211 590 1446 632 testamenti
1475 590 1653 646 ponitur

225 678 341 724 typo.
414 666 512 708 Una
545 667 699 708 etenim
733 683 820 710 erat
849 670 1033 725 perfecta
1066 670 1263 709 columba
1296 668 1505 720 genitricis
1537 685 1651 718 suae,

227 760 334 798 quae
364 742 481 795 virgo
515 757 639 796 casta,
671 745 811 798 regina
842 763 1000 802 sponso
1035 747 1142 798 regi,
1177 745 1370 794 ecclesia,
1402 762 1480 800 per
1509 745 1649 785 Evan-

225 821 378 873 gelium
410 820 596 877 jungitur
627 821 807 864 Christo.
867 824 950 864 Sed
984 836 1022 864 et
1053 822 1224 864 moralis
1254 824 1378 863 nobis
1407 823 1449 863 in
1481 822 1564 863 hoc
1594 822 1649 863 ita

226 898 476 939 tractabitur
505 900 634 941 locus.
705 899 857 940 Ruben
896 900 1192 955 interpretatus
1233 911 1290 940 est
1330 916 1351 939 a
1393 898 1648 954 majoribus:

226 976 387 1024 ‚‚f11ius‚
431 974 503 1030 qui
546 976 764 1017 videtur:“
811 977 894 1016 hoc
938 988 1016 1025 est,
1057 976 1225 1017 visibilis
1258 988 1297 1017 et
1326 976 1525 1024 carnalis,
1561 976 1651 1030 ipse

226 1052 369 1100 credo,
402 1052 455 1091 de
487 1067 571 1105 quo
606 1050 705 1091 dicit
735 1053 985 1106 Apostolus:
1017 1053 1266 1108 ,‚primus²)
1290 1054 1424 1094 homo
1455 1054 1508 1093 de
1537 1064 1648 1093 terra

223 1133 464 1169 terrenus:“
511 1139 551 1169 et
592 1127 715 1168 alibi:
759 1128 878 1181 ‚,si³)
923 1128 1035 1169 enim
1075 1129 1130 1177 is,
1170 1129 1241 1184 qui
1282 1130 1465 1179 videtur,
1502 1141 1647 1171 noster

222 1205 358 1246 homo
393 1205 696 1260 corrumpitur,
726 1205 798 1246 sed
817 1201 861 1259 ⁴)
895 1204 967 1260 qui
997 1205 1108 1246 intus
1140 1217 1197 1246 est
1222 1217 1450 1246 renovatur
1464 1212 1500 1246 :²⁴
1533 1208 1647 1247 hune

223 1283 421 1331 eundem,
451 1282 523 1337 qui
554 1283 731 1329 videtur,
762 1282 1010 1322 exteriorem
1047 1281 1265 1323 hominem
1297 1285 1526 1339 appellans.
1593 1284 1648 1324 Et

219 1360 373 1401 iterum
411 1360 522 1409 dicit,
555 1359 651 1415 quia
679 1376 795 1409 „non
815 1359 860 1412 5)
890 1359 1031 1415 primo
1067 1361 1185 1415 quod
1214 1359 1432 1416 spirituale
1464 1372 1542 1408 est,
1573 1361 1646 1401 sed

223 1438 339 1492 quod
373 1436 596 1477 animale.“
642 1436 791 1476 Primo
826 1452 924 1488 ergo
958 1437 1095 1490 omnis
1124 1436 1258 1477 horno
1288 1437 1333 1477 in
1364 1437 1449 1478 hoc
1478 1438 1643 1477 mundo

220 1514 443 1555 carnaliter
472 1513 582 1562 vivit,
614 1524 654 1554 et
682 1514 917 1555 secundum
950 1530 1120 1554 carnem
1141 1526 1347 1555 movetur.
1406 1513 1462 1554 Et
1481 1513 1526 1569 6)
1559 1515 1645 1570 pri-

218 1608 312 1632 mus
337 1603 397 1632 est
428 1589 606 1631 carnalis
645 1602 786 1631 motus
830 1589 873 1630 in
915 1590 1256 1645 concupiscentia
1294 1591 1503 1641 libidinis,
1557 1591 1642 1646 qui,

220 1686 317 1709 cum
347 1667 511 1723 primae
540 1666 765 1723 juventutis
796 1679 962 1722 tempus
995 1669 1226 1715 obsederit,
1257 1669 1412 1708 durum
1445 1680 1483 1707 et
1512 1664 1642 1707 teme-

217 1745 379 1787 rarium
418 1743 542 1785 simul
574 1754 612 1784 et
641 1743 839 1784 lascivum
879 1742 1072 1800 juvenem
1106 1745 1265 1793 reddit,
1313 1745 1640 1785 adscendentem

219 1821 343 1863 etiam
384 1838 512 1876 super
551 1820 689 1861 cubile
728 1820 875 1874 patris,
914 1832 953 1860 et
983 1822 1246 1876 polluentem
1286 1821 1460 1861 thorum
1500 1833 1641 1877 pater-

217 1916 346 1951 num,
395 1898 439 1939 id
472 1910 552 1945 est,
600 1895 721 1936 etiam
764 1910 990 1953 praecepta
1030 1910 1068 1938 et
1107 1897 1268 1938 monita
1298 1899 1499 1939 naturalis
1527 1899 1641 1951 legis,

155 1982 159 1986 ”
219 1991 328 2031 quae
363 1973 406 2015 in
445 1974 570 2014 nobis
611 1984 691 2022 est,
740 1984 778 2013 et
817 1990 933 2014 nunc
973 1986 1171 2029 paternus
1191 1973 1234 2028 7)
1280 1974 1430 2015 thorus
1472 1975 1638 2026 dicitur,

216 2050 590 2108 praevaricantem.
636 2050 709 2091 Est
737 2050 850 2090 enim
880 2050 988 2092 intra
1019 2068 1098 2092 nos
1128 2051 1193 2090 lex
1225 2052 1638 2106 quaedam'natura-

215 2128 279 2178 lis,
310 2144 418 2183 quae
453 2127 588 2180 arguit
625 2144 978 2184 unumquemque
1018 2139 1289 2184 peccantem,
1329 2140 1369 2168 et
1409 2128 1569 2169 malum
1602 2130 1640 2169 ei

335 2301 378 2357 1)
411 2301 546 2342 Galat.
576 2301 650 2349 IV,
680 2302 746 2342 22.
778 2301 844 2342 24.

331 2373 378 2427 ²)
409 2371 429 2411 Ι
462 2371 562 2411 Cor.
594 2370 690 2421 XV,
719 2371 787 2412 47.

329 2441 377 2495 3)
406 2441 447 2481 Π
478 2440 578 2481 Cor.
607 2441 681 2491 IV,
712 2441 776 2484 16.

332 2509 378 2565 ⁴)
408 2514 545 2551 Antea
583 2510 683 2551 editi
730 2510 788 2564 (v.
821 2527 854 2550 c.
888 2511 982 2550 edd.
1014 2508 1122 2563 Μ.);
1162 2511 1265 2561 „sed
1305 2509 1377 2565 qui
1414 2509 1524 2550 intra
1562 2522 1632 2560 est,

213 2565 481 2617 renovaturf‘
536 2566 658 2608 Mss.:
688 2568 787 2616 „sed
819 2566 891 2621 qui
919 2566 1031 2607 intus
1061 2578 1120 2606 est
1149 2571 1418 2608 renovatur.“
1445 2565 1495 2607 R.

332 2637 377 2691 ⁵)
405 2636 425 2675 I
458 2636 558 2676 Cor.
588 2635 685 2684 XV,
712 2637 780 2679 46.

331 2705 375 2759 ⁶)
406 2706 527 2745 Mss.:
568 2705 651 2756 „Et
691 2705 852 2760 primus
883 2716 939 2746 est
972 2704 1148 2746 carnalis
1177 2706 1360 2745 motus.“
1420 2703 1534 2747 Alias
1565 2703 1624 2760 (v.

217 2780 251 2804 c,
281 2763 325 2804 in
359 2762 453 2801 edd.
486 2761 595 2815 M.):
624 2761 704 2811 „Et
733 2762 850 2817 prius
883 2773 941 2803 est
970 2761 1146 2804 carnalis
1175 2764 1357 2804 motus.“
1385 2760 1437 2803 R.

328 2830 373 2885 ⁷)
402 2831 511 2874 Edd.
542 2829 735 2873 Merlini:
765 2831 933 2886 patrias.
