1764 3096
500 146 548 175 m
581 131 779 173 GENEsm
808 129 1007 182 HommA
1029 130 1082 171 X.
1417 130 1501 173 219

98 264 195 302 ergo
228 245 374 301 vult¹)
420 255 460 286 et
487 257 529 286 te
559 243 639 286 sibi
671 242 858 286 Christus
890 242 1178 298 despondere,
1215 240 1261 282 id
1305 253 1382 289 est,
1427 241 1500 280 de-

95 339 306 382 sponsare,
339 321 569 377 praemittit
601 322 653 362 ad
683 331 722 361 te
739 321 865 361 istum
883 335 1077 374 puerum.
1122 317 1237 358 Puer
1254 316 1330 358 iste
1359 333 1499 357 sermo

94 399 363 458 propheticus
394 410 464 448 est,
495 415 619 454 quem
651 396 730 438 nisi
757 395 873 452 prius
903 395 1154 450 susceperis,
1182 395 1346 434 nubere
1377 392 1503 432 Chri-

93 490 155 519 sto
185 493 274 517 non
304 475 472 531 poteris.
534 475 649 515 Scito
679 485 834 522 tamen,
868 472 964 528 quia
988 488 1116 513 nemo
1142 469 1434 511 inexercitatus
1466 479 1504 508 et

91 553 310 609 imperitus
346 568 587 594 sermonem
632 549 928 607 propheticum
967 548 1160 604 suscipit,
1203 549 1276 589 sed
1319 546 1390 602 qui
1430 544 1504 586 scit

90 629 260 671 haurire
289 646 440 685 aquam
474 629 526 670 de
562 630 781 684 profundo
812 627 953 683 putei,
992 638 1033 667 et
1063 627 1134 682 qui
1163 626 1208 667 in
1235 636 1399 665 tantum
1429 622 1506 664 scit

90 707 281 757 haurire,
321 719 369 748 ut
406 706 527 748 etiam
559 705 620 747 his
649 704 845 755 sufficiat,
888 703 960 759 qui
997 702 1307 743 irrationabiles
1339 712 1377 741 et
1407 716 1505 756 per-

91 784 196 826 versi
226 784 432 832 vid-entur,
464 800 647 839 quorum
680 784 857 833 figuram
886 791 1031 821 tenent
1062 779 1231 819 cameli:
1274 790 1319 818 ut
1349 790 1388 818 et
1416 777 1505 831 ipse

90 861 221 917 possit
250 861 403 909 dicere,
435 860 531 916 quia
560 858 844 914 „sapientibus
861 857 906 911 2)
948 869 987 898 et
1015 854 1307 912 insipientibus
1337 854 1506 894 debitor

92 943 223 980 sum.“
283 937 482 993 Denique
511 936 568 978 sic
600 936 759 977 dixerat
787 935 832 976 in
865 936 996 976 corde
1015 950 1092 975 suo
1109 949 1216 989 puer
1244 932 1339 973 iste:
1370 947 1442 980 „ex
1458 929 1503 985 3)

93 1016 168 1066 bis,
196 1014 347 1071 inquit,
376 1013 616 1066 virginibus,
647 1029 755 1069 quae
783 1012 957 1054 veniunt
985 1013 1040 1054 ad
1070 1027 1249 1067 aquam,
1290 1025 1505 1065 quaeeun-

95 1109 176 1148 que
207 1092 353 1133 dixerit
380 1090 504 1133 mihi:
543 1091 644 1131 bibe
691 1102 758 1139 tu,
809 1101 848 1130 et
895 1089 1080 1129 camelos
1115 1099 1211 1128 tuos
1254 1086 1505 1141 adaquabo:

91 1169 182 1226 ipsa
213 1169 290 1211 erit
317 1185 472 1224 sponsa
502 1167 684 1208 Domini
724 1167 847 1208 mei.“
914 1165 985 1207 Sic
1028 1180 1125 1216 ergo
1157 1165 1366 1211 Rebecca,
1399 1177 1506 1217 quae

93 1247 391 1302 interpretatur
417 1243 614 1300 patientia
631 1276 640 1292 ,
675 1257 722 1285 ut
750 1244 852 1285 vidit
880 1260 1086 1299 puerum,
1125 1253 1164 1283 et
1199 1239 1376 1296 inspexit
1402 1255 1507 1294 pro-

94 1323 310 1380 pheticum
344 1323 541 1371 verbum,
579 1321 756 1377 deponit
795 1323 848 1362 de
877 1321 1058 1361 humero
1088 1319 1295 1378 hydriam.
1355 1318 1506 1371 Depo-

94 1400 158 1441 nit
188 1399 299 1440 enim
331 1400 479 1439 elatam
506 1413 678 1449 graecae
699 1399 919 1439 facundiae
941 1396 1236 1449 arrogantiam,
1267 1406 1306 1435 et
1335 1395 1388 1434 ad
1419 1405 1505 1433 tam

94 1477 298 1518 humilem
331 1493 378 1517 ac
407 1488 491 1516 tam
521 1475 754 1531 simplicem
784 1492 827 1517 se
855 1475 1061 1517 inclinans
1091 1471 1391 1529 propheticum
1420 1487 1506 1511 ser-

96 1570 285 1603 monem,
316 1552 437 1596 dicit:
467 1551 652 1606 „bibe⁴)
682 1564 742 1600 tu,
773 1562 813 1592 et
844 1552 1028 1592 camelos
1058 1561 1154 1590 tuos
1185 1549 1452 1605 adaquab0.“

206 1632 246 1674 3.
279 1630 364 1671 Sed
395 1628 497 1670 dicis
528 1630 712 1678 fortasse,
743 1628 775 1670 si
806 1645 912 1684 puer
943 1626 1182 1683 prophetici
1211 1625 1416 1666 sermonis
1446 1635 1507 1664 te-

96 1720 168 1750 net
197 1708 388 1759 figuram,
420 1707 641 1762 quomodo
672 1717 845 1761 potatur
876 1722 897 1746 a
918 1705 1123 1753 Rebecca,
1155 1719 1280 1758 quam
1297 1702 1388 1757 ipse
1416 1717 1506 1740 ma-

98 1787 154 1838 gis
183 1798 335 1842 potare
366 1782 566 1825 deberet?
627 1784 738 1825 Vide
768 1799 881 1835 ergo,
911 1800 966 1824 ne
995 1784 1118 1831 forte,
1148 1781 1255 1823 sicut
1283 1790 1323 1820 et
1351 1779 1510 1820 Domi-

98 1880 177 1904 nus
204 1863 338 1911 Jesus,
370 1879 463 1903 cum
497 1861 585 1918 ipse
613 1860 663 1903 sit
692 1861 810 1916 panis
839 1862 958 1908 vitae,
990 1872 1030 1901 et
1057 1860 1147 1915 ipse
1177 1869 1320 1914 pascat
1350 1856 1510 1896 animas

101 1939 337 1988 esurientes,
366 1939 455 1994 ipse
486 1957 651 1980 rursum
683 1939 840 1980 esurire
868 1954 910 1978 se
926 1939 1092 1984 fatetur,
1122 1953 1216 1976 cum
1240 1934 1360 1975 dicit:
1391 1950 1510 1983 „esu-

100 2015 249 2070 rivi,⁵)
278 2026 318 2055 et
348 2014 514 2057 dedistis
543 2015 648 2055 mihi
678 2017 984 2055 manducare:“
1025 2026 1065 2054 et
1101 2013 1255 2053 iterum
1296 2028 1391 2052 cum
1422 2010 1511 2066 ipse

100 2093 150 2134 sit
179 2109 286 2147 aqua
320 2092 432 2139 viva,
469 2103 509 2132 et
546 2104 694 2146 potum
728 2093 797 2132 det
828 2091 1025 2132 omnibus
1053 2088 1308 2137 sitientibus,
1344 2105 1510 2129 rursum

100 2170 190 2224 ipse
230 2168 331 2210 dicit
361 2170 414 2209 ad
444 2169 778 2210 samaritanam:
820 2168 962 2222 „da⁶)
1002 2166 1105 2208 mihi
1143 2166 1339 2207 bibere:“
1375 2166 1432 2207 sie
1472 2178 1511 2207 et

102 2247 374 2304 propheticus
402 2262 562 2295 sermo,
613 2264 709 2288 cum
746 2246 834 2301 ipse
875 2257 1028 2301 potum
1065 2246 1134 2285 det
1162 2243 1415 2292 sitientibus,
1444 2243 1508 2284 ni-

0 2367 1 2376 ,
55 2378 61 2381 ³
103 2325 331 2365 bilominus
360 2324 448 2378 ipse
477 2324 529 2364 ab
562 2324 623 2365 his
652 2323 790 2379 potari
824 2321 1059 2376 dicatum-ss)
1098 2338 1192 2362 cum
1222 2321 1509 2362 studiosorum

106 2401 292 2443 exercitia
333 2412 372 2442 et
409 2400 660 2454 vigilantiam
708 2400 888 2456 suscipit.
965 2399 1045 2440 Ista
1088 2414 1185 2449 ergo
1225 2398 1316 2438 talis
1358 2397 1511 2446 anima,

221 2611 264 2664 ι)
294 2611 365 2651 Sic
395 2611 493 2651 Mss.
567 2611 679 2651 Alias
709 2610 767 2665 (v.
802 2627 833 2650 c.
866 2610 908 2650 in
942 2611 1036 2650 cdd.
1067 2608 1173 2663 B'I.):
1216 2609 1328 2658 „vult
1356 2620 1396 2649 te
1434 2608 1511 2650 sibi

107 2668 374 2722 desponsare,
404 2667 633 2721 praemittit
662 2669 714 2707 ad
746 2673 812 2706 te“
843 2678 915 2707 etc.
948 2666 996 2706 R.

218 2735 264 2790 ²)
296 2735 419 2775 Rom.
449 2736 480 2784 I,
511 2738 574 2778 14.
693 2735 738 2790 3)
773 2735 858 2777 Csr.
894 2735 1044 2777 Genes.
1074 2735 1234 2782 XXIV,
1265 2735 1328 2775 14.

223 2804 267 2858 4)
299 2803 447 2845 Genes.
477 2806 634 2853 XXIV,
669 2806 733 2849 18.
765 2808 827 2850 19,
948 2807 991 2858 ἱ’)
1022 2804 1172 2845 Manli.
1202 2805 1341 2854 XXV,
1371 2808 1434 2847 35,

224 2874 270 2929 t⁵)
300 2874 371 2916 Ev.
404 2875 559 2915 Joann.
590 2875 660 2922 IV,
691 2877 726 2917 7.
848 2876 892 2930 7)
921 2874 1029 2916 Edd.
1062 2874 1255 2916 Μαι-Παίς
1293 2875 1457 2916 dicitur.
