1764 3096
497 130 544 162 m
576 118 775 160 Gmmsm
807 114 1008 157 HommA
1027 113 1104 157 ΙΙΙ.
1433 117 1515 161 157

104 237 148 277 in
180 234 340 277 excelso
368 234 615 287 loquuntur,
634 227 677 284 ¹)
724 239 762 268 et
792 228 1020 268 extendunt
1056 225 1102 267 in
1133 225 1301 267 coelum
1329 225 1517 277 linguam

103 328 246 361 suam,
285 309 391 351 sicut
429 304 625 347 haeretici
655 303 840 352 faciunt,
878 301 1182 352 incircumcisi,
1228 315 1267 344 ct
1304 301 1518 344 immundi

105 389 225 431 labiis
256 383 422 429 dicendi
452 394 560 424 sunt.
621 380 904 423 Circumcisus
932 397 1029 421 vero
1062 391 1100 421 et
1130 380 1316 421 mundus
1345 391 1415 429 est,
1446 380 1518 435 qui

104 453 270 521 semper
297 462 477 502 verbum
505 458 588 499 Dei
617 458 830 514 loquitur,
861 469 900 499 et
929 475 1075 500 sanam
1105 456 1345 499 doctrinam
1376 455 1517 498 Evan-

106 540 242 594 gelicis
273 549 310 579 et
340 534 599 593 Apostolicis
629 534 837 576 munitam
869 535 1019 588 regulis
1046 536 1224 591 profert.
1289 531 1387 573 Hoc
1419 548 1517 585 ergo

104 617 236 659 modo
268 625 307 655 et
337 611 601 655 circumcisio
633 612 849 654 labiorum
880 613 1004 653 datur
1029 611 1078 652 :in
1108 609 1280 652 ecclesia
1308 609 1413 671 Dei..

173 732 176 733 ⁷
213 692 252 734 6.
303 693 428 734 Nunc
477 706 578 731 vero
626 690 862 730 secundum
910 688 1262 745 pollicitationem
1317 699 1521 736 nostram,

102 768 280 826 qualiter
309 766 432 809 etiam
466 765 599 808 carnis
630 765 892 807 circumcisio
925 765 1079 822 suscipi
1102 766 1265 814 debeat,
1295 764 1524 806 videamus.

102 846 349 901 Membrum
379 845 485 891 hoe,
524 842 568 883 in
611 859 696 898 quo
738 841 1009 899 praeputium
1039 841 1204 882 videtur
1235 858 1339 891 esse,
1370 841 1522 883 officiis

61 941 68 949 ·
102 921 364 964 naturalibus
397 919 528 962 coitus
560 932 599 960 et
629 919 890 972 generationi
922 918 1151 968 desem're,
1180 933 1308 959 nemo
1341 930 1413 968 est,
1451 917 1523 973 qui

105 999 278 1041 dubitet.
336 998 382 1040 Si
412 997 502 1054 quis
533 996 658 1049 igitur
686 1012 781 1049 erga
825 993 1120 1054 hujuscemodi
1149 1007 1291 1037 motus
1318 1012 1410 1037 non
1440 996 1520 1037 im-

104 1088 316 1133 portunus
361 1075 524 1124 existat,
570 1090 651 1115 nec
689 1086 864 1116 statutos
900 1074 1061 1127 legibus
1098 1072 1302 1114 terminos
1340 1085 1524 1128 superet,

103 1170 183 1194 nec
213 1152 337 1194 aliam
368 1151 596 1201 feminam,
637 1169 765 1208 quam
797 1150 1023 1208 conjugem
1054 1150 1309 1201 legitimam,
1344 1149 1524 1199 noverit,

105 1242 144 1271 et
172 1230 216 1271 in
247 1247 295 1271 ea
327 1245 499 1285 quoque
528 1229 618 1285 ipsa
647 1227 900 1284 posteritatis
923 1228 1223 1268 tantummodo
1250 1244 1374 1269 causa
1404 1227 1526 1269 certis

108 1319 148 1349 et
183 1291 375 1358 legitimis
414 1306 678 1362 temporibus
719 1316 833 1356 agat,
872 1304 949 1346 iste
990 1304 1259 1346 circumcisus
1297 1304 1523 1360 praeputio

108 1383 242 1425 carnis
273 1399 373 1425 suae
402 1383 606 1424 dicendus
638 1394 708 1426 est.
779 1380 868 1435 Qui
905 1397 1006 1422 vero
1034 1380 1080 1421 in
1112 1396 1286 1422 omnem
1313 1380 1527 1422 lasciviam

105 1459 291 1516 proruit,
331 1471 370 1501 et
398 1476 476 1516 per
507 1459 690 1502 diversos
725 1471 764 1501 et
792 1458 963 1501 illicitos
992 1457 1147 1513 passim
1176 1458 1335 1513 pendet
1365 1458 1528 1513 ample-

107 1555 204 1586 xus,
245 1548 371 1592 atque
407 1536 451 1577 in
492 1552 666 1577 omnem
708 1533 893 1576 libidinis
933 1533 1137 1585 gurgitem
1179 1535 1312 1575 sertui·
1339 1533 1528 1585 infrenis,

106 1613 182 1655 iste
210 1613 529 1654 incircumcisus
561 1623 618 1653 est
646 1611 870 1668 praeputio
903 1609 1039 1653 carnis
1077 1627 1189 1651 suae.
1255 1611 1418 1652 Verum
1460 1627 1529 1652 ec-

109 1689 233 1732 clesia
266 1688 423 1730 Christi
453 1687 583 1741 gratia
614 1687 714 1745 ejus,
745 1687 817 1744 qui
845 1705 926 1743 pro
959 1703 1003 1728 se
1034 1686 1254 1729 crucifixus
1286 1700 1356 1738 est,
1395 1689 1529 1729 robo-

106 1779 208 1818 rata,
237 1784 329 1808 non
358 1768 498 1809 solum
529 1767 582 1807 ab
611 1764 766 1807 illicitis
796 1764 1077 1820 nefandisque
1107 1764 1339 1815 cubilibus,
1381 1782 1528 1806 verum

110 1843 234 1886 ctiam
265 1861 287 1886 a
320 1842 526 1886 concessis
547 1854 585 1884 et
600 1843 723 1886 licitis
751 1854 973 1898 temperat,
1001 1841 1267 1898 tanquam2)
1296 1841 1382 1900 jam
1411 1842 1527 1894 virgo

110 1938 265 1977 sponsa
298 1920 454 1962 Christi
488 1919 606 1962 castis
638 1931 677 1961 et
706 1920 871 1976 pudicis
900 1918 1131 1971 virginibus
1150 1920 1285 1969 floret,
1316 1918 1530 1974 quibus³)

110 2015 208 2039 vcra
239 1996 504 2039 circumcisio
546 1996 681 2037 carnis
724 1995 935 2052 praeputii
963 1996 1073 2036 facta
1105 2008 1183 2045 est,
1216 2008 1256 2037 et
1282 2011 1379 2036 vere
1408 2007 1532 2037 testa-

112 2086 305 2116 mentum
336 2073 433 2122 Dei,
464 2085 502 2114 et
530 2083 827 2114 testamentum
863 2082 1080 2113 aeternum
1109 2072 1154 2113 in
1169 2071 1214 2127 4)
1247 2084 1466 2114 aeternum
1485 2072 1529 2113 in

114 2168 261 2192 eorum
292 2150 538 2191 circumcisa
571 2164 697 2190 carne
735 2159 934 2190 servatur.
1003 2149 1203 2205 Superest
1239 2149 1363 2192 nobis
1406 2149 1532 2191 etiam

114 2226 329 2279 designare
360 2225 725 2268 circumcisionem
757 2225 906 2268 cordis.
965 2225 1011 2268 Si
1043 2225 1134 2281 quis
1165 2237 1236 2276 est,
1258 2225 1332 2282 qui
1353 2229 1531 2268 obscoe-

114 2303 178 2346 nis
210 2303 426 2346 desideriis
457 2315 496 2345 et
526 2301 661 2345 foedis
694 2301 993 2358 cupiditatibus
1026 2315 1197 2353 aestuat,
1227 2314 1287 2354 ct,
1323 2315 1368 2344 ut
1393 2304 1531 2344 brevi-

114 2393 177 2423 ter
208 2382 360 2431 dicam,
389 2380 463 2437 qui
492 2379 746 2422 moechatur
775 2380 820 2421 in
851 2383 994 2431 corde,
1025 2381 1095 2422 hic
1122 2379 1443 2423 incircumcisus
1474 2391 1533 2422 cst

235 2534 278 2590 ¹)
311 2535 449 2579 codd.
480 2537 581 2581 Mss.
609 2549 691 2580 tres
724 2536 1010 2586 Turonenses,
1042 2534 1344 2576 Gemeticcnsis
1364 2547 1403 2575 ct
1424 2534 1534 2575 San-

120 2594 419 2640 germanensis:
449 2593 677 2649 „loquitur‚
695 2605 733 2634 et
750 2593 934 2634 extendit
963 2617 1015 2626 —
1043 2608 1176 2641 suam,
1207 2615 1272 2639 —-‚
1304 2593 1533 2633 incircum-

121 2646 225 2689 cisus
255 2648 374 2690 labiis
406 2660 446 2690 et
471 2650 719 2692 immundus
748 2650 868 2691 labiis
897 2650 1101 2691 dicendus
1133 2652 1228 2689 cst.“
1258 2647 1308 2688 R.

236 2715 282 2771 2)
311 2716 422 2760 Edd.
453 2719 646 2761 Mcrlini:
679 2732 718 2761 et
745 2732 950 2775 tanquam
982 2731 1058 2761 cte.

236 2785 282 2840 ³)
311 2786 421 2829 Edd.
449 2789 644 2831 Merlini:
672 2789 717 2831 in
748 2791 901 2846 quibus
934 2800 1008 2830 etc.

237 2853 283 2912 ⁴)
313 2856 479 2902 Desunt
506 2860 654 2902 verba:
685 2860 754 2912 „in
788 2863 1045 2910 aeternum,“
1074 2858 1120 2900 in
1151 2859 1244 2901 cdd.
1275 2857 1335 2899 M.
