1764 3096
211 117 296 162 116
810 114 1034 158 Omessms

219 246 406 287 namque
434 241 581 272 nostro
620 228 737 271 velut
774 230 829 271 de
868 228 985 286 aquis
1014 228 1294 285 proferuntur
1325 239 1365 269 et
1393 227 1535 269 bonae
1564 243 1639 270 co-

217 308 460 360 gitationes,
499 319 540 348 et
577 307 726 348 malae.
796 306 884 348 Sed
922 323 1003 348 nos
1043 307 1174 348 verbo
1218 321 1266 346 ac
1297 317 1524 360 praecepto
1556 305 1642 346 Dei

220 398 400 441 utraque
429 386 698 440 proferamus
729 385 783 425 ad
825 395 1099 440 conspectum
1140 394 1180 422 et
1216 380 1422 438 judicium
1453 381 1559 430 Dei,
1595 392 1644 422 ut

221 479 318 504 cum
348 461 478 518 ipsius
500 460 814 503 illuminatione
834 461 1070 502 discernere
1086 460 1295 516 possimus
1317 476 1338 499 a
1358 459 1493 508 bono,
1523 459 1644 513 quod

214 540 380 580 malum
412 549 490 579 est:
520 538 564 579 id
598 550 677 587 est,
716 549 763 578 ut
794 554 870 587 ea,
907 555 1015 593 quae
1044 527 1171 593 suf—»er
1199 548 1354 576 terram
1387 546 1563 591 repunt,
1603 545 1643 575 et

214 629 404 658 terrenas
448 614 756 657 sollicitudines
801 627 963 669 gerunt,
1012 631 1255 670 separemus
1302 631 1325 655 a
1373 613 1519 664 nobis3
1570 613 1642 654 illa

219 710 345 743 vero,
385 708 493 748 quae
522 692 702 733 meliora
732 705 848 743 sunt,
880 693 922 733 id
955 704 1013 733 est
1044 691 1251 745 volatilia,
1282 690 1469 731 sinamus
1498 691 1644 731 volare

218 787 310 812 non
340 770 477 812 solum
508 785 638 825 super
666 782 845 820 terram,
875 771 948 810 sed
980 769 1103 811 etiam
1133 769 1368 809 secundum
1398 768 1645 807 firmamen-

219 859 311 889 tum
345 846 475 888 coeli:
514 845 561 886 id
592 859 672 897 est,
710 859 758 889 ut
795 864 962 889 sensum
1005 858 1045 887 et
1082 846 1289 887 rationem
1321 856 1409 885 tam
1449 855 1642 884 terreno—
1696 856 1700 860 ·

218 941 330 975 rum,
361 941 489 980 quam
521 924 767 966 coelestium
798 935 1102 980 pertractemus
1139 923 1184 964 in
1213 920 1363 971 nobis,
1405 932 1452 961 ut
1489 920 1646 961 intelli-

221 1017 318 1054 gere
350 1017 524 1057 quoque
552 1000 783 1057 possimus,
822 1017 931 1056 quae
970 1001 1051 1042 sint
1087 1000 1129 1041 in
1166 1000 1290 1042 nobis
1331 997 1459 1039 noxia
1501 1014 1547 1038 ex
1578 1013 1645 1038 re-

221 1078 434 1135 pentibus.
511 1078 558 1119 Si
604 1077 833 1121 viderimus
881 1078 1103 1118 mulierem
1154 1079 1209 1118 ad
1250 1076 1644 1130 concupiscendum

221 1173 329 1206 eam,
360 1156 466 1197 illud
499 1167 558 1196 est
586 1154 631 1195 in
661 1153 788 1194 nobis
817 1153 967 1208 reptile
995 1166 1264 1195 venenatum.
1325 1153 1369 1193 Si
1390 1169 1489 1193 vero
1521 1153 1570 1193 sit
1600 1152 1645 1192 in

222 1234 350 1275 nobis
392 1232 630 1275 sobrietatis
670 1247 834 1279 sensus,
882 1230 1043 1271 etiamsi
1094 1231 1270 1271 domina
1317 1230 1522 1287 Aegyptia
1566 1246 1644 1270 nos

222 1312 492 1359 adamaverit,
524 1308 735 1348 efficimur
767 1323 871 1354 aveS,
905 1317 943 1346 et
972 1306 1259 1362 relinquentes
1289 1306 1490 1364 Aegyptia
1523 1308 1643 1347 vesti—

222 1398 365 1428 menta
393 1386 438 1427 in
467 1384 666 1426 manibus
699 1382 808 1441 ejus,
850 1399 897 1423 ex
929 1384 1152 1425 obscoenis
1182 1382 1341 1425 insidiis
1374 1383 1644 1425 evolabimus.

223 1466 270 1506 Si
300 1465 352 1506 sit
383 1465 427 1505 in
456 1464 581 1504 nobis
611 1478 755 1503 sensus
785 1461 839 1501 ad
869 1462 1099 1501 furandum
1131 1478 1212 1502 nos
1240 1479 1502 1518 provocans,
1535 1461 1647 1502 istud

225 1553 285 1583 est
324 1540 475 1596 reptile
511 1538 756 1595 pessimum.
829 1539 877 1579 Si
913 1554 1013 1579 vero
1055 1538 1106 1578 sit
1143 1539 1188 1578 in
1227 1539 1355 1580 nobis
1391 1555 1554 1588 sensus,
1599 1549 1646 1579 u't

224 1617 385 1660 etiamsi
416 1618 502 1657 duo
533 1615 699 1656 minuta
729 1615 984 1665 habeamus,
1028 1615 1134 1655 haec
1167 1616 1257 1670 ipsa
1288 1633 1370 1670 pro
1401 1617 1644 1657 misericor-

224 1696 294 1737 dia
325 1696 556 1736 offeramus
584 1692 629 1733 in
660 1692 777 1733 dona
807 1691 912 1741 Dei,
941 1690 1017 1732 iste
1045 1708 1187 1734 sensus
1219 1694 1302 1734 avis
1333 1703 1414 1742 est,
1452 1691 1560 1732 nihil
1593 1694 1646 1733 de

222 1770 399 1814 terrenis
430 1768 631 1823 cogitans,
660 1769 735 1810 sed
756 1770 810 1809 ad
832 1770 1151 1810 firmamentum
1171 1770 1279 1810 coeli
1307 1769 1519 1810 volatibus
1552 1782 1645 1811 ten-

224 1851 341 1890 dens.
400 1847 448 1890 Si
477 1847 616 1888 veniat
644 1845 769 1887 nobis
798 1862 940 1888 sensus
966 1848 1226 1901 persuadens
1256 1847 1405 1897 nobis,
1437 1846 1645 1888 cruciatus

224 1923 413 1983 martyrii
441 1940 522 1965 nos
550 1939 642 1963 non
675 1923 832 1963 debere
860 1923 1199 1973 tolerare‚·istu‹l
1230 1924 1306 1964 erit
1334 1923 1485 1978 reptile
1516 1940 1643 1965 vene-

223 2014 387 2050 natum,
444 2001 491 2043 Si
519 2016 620 2041 vero
652 1999 883 2040 adscendat
909 2001 1036 2042 nobis
1066 2016 1210 2042 sensus
1242 2012 1282 2041 et
1311 1993 1509 2052 cogitatio
1539 2001 1645 2052 talis,

223 2092 273 2121 ut
298 2095 433 2135 usque
464 2080 518 2119 ad
546 2088 730 2118 mortem
747 2093 828 2132 pro
857 2076 1031 2118 veritate
1061 2089 1279 2127 certemus,
1305 2077 1390 2118 avis
1421 2077 1498 2119 erit
1526 2078 1645 2129 haec,

225 2174 251 2199 a
280 2154 458 2197 terrenis
496 2155 552 2195 ad
589 2169 773 2208 superna
814 2155 1118 2196 conscendens.
1185 2154 1388 2197 Similiter
1427 2155 1551 2196 etiam
1591 2156 1646 2196 de

224 2231 396 2274 caeteris
434 2231 500 2272 vel
528 2240 828 2286 peccatorum,
865 2232 931 2272 vel
963 2231 1169 2274 virtutum
1208 2230 1430 2288 speciebus
1459 2231 1645 2272 sentien-

225 2311 330 2352 dum
371 2319 452 2358 est,
497 2317 537 2348 et
567 2305 912 2357 discernendum,
952 2323 1060 2363 quae
1097 2308 1179 2349 sint
1207 2307 1423 2363 repentia,
1463 2319 1504 2348 et
1534 2324 1644 2363 quae

224 2388 307 2429 sint
333 2384 533 2434 volatilia,
562 2399 671 2439 quae
701 2384 943 2439 producere
971 2386 1026 2426 ad
1059 2385 1357 2427 discretionem
1386 2385 1432 2425 in
1462 2401 1643 2441 conspe-

213 2475 295 2506 ·ctu
324 2461 408 2503 Dei
438 2476 573 2517 aquae
600 2472 772 2502 nostrae
800 2459 1013 2518 jubentur.

332 2537 373 2580 9.
403 2536 544 2592 „Et¹)
587 2537 686 2578 fecit
724 2537 842 2579 Deus
883 2549 997 2581 cetos
1035 2553 1234 2591 magnos,
1275 2550 1316 2580 et
1346 2554 1520 2580 omnem
1549 2539 1641 2581 ani-

224 2632 342 2658 mam
370 2614 610 2671 repentium
637 2614 899 2666 animalium,
929 2633 1036 2672 quae
1067 2617 1302 2657 eduxerunt
1323 2631 1460 2671 aquae
1488 2632 1639 2657 secun-

226 2695 330 2735 dum
360 2707 490 2745 genus
518 2706 668 2743 suum,
713 2703 754 2734 et
783 2706 913 2736 omne
937 2692 1110 2735 volatile
1139 2702 1374 2749 pennatum
1404 2694 1640 2735 secundum

340 2844 387 2900 1)
418 2842 568 2887 Genes·
601 2843 633 2898 I,
660 2843 727 2888 21.
