<?xml version="1.0" encoding="UTF-8"?>
<!DOCTYPE html PUBLIC "-//W3C//DTD XHTML 1.0 Transitional//EN"
    "http://www.w3.org/TR/xhtml1/DTD/xhtml1-transitional.dtd">
<html xmlns="http://www.w3.org/1999/xhtml" xml:lang="en" lang="en">
 <head>
  <title>
</title>
<meta http-equiv="Content-Type" content="text/html;charset=utf-8" />
  <meta name='ocr-system' content='tesseract 3.04.00' />
  <meta name='ocr-capabilities' content='ocr_page ocr_carea ocr_par ocr_line ocrx_word'/>
</head>
<body>
  <div class='ocr_page' id='page_1' title='image "./operaomniaquaegr08orig/operaomniaquaegr08orig_0264.png"; bbox 0 0 1764 3096; ppageno 0'>
   <div class='ocr_carea' id='block_1_1' title="bbox 305 103 1128 147">
    <p class='ocr_par' dir='ltr' id='par_1_1' title="bbox 305 103 1128 147">
     <span class='ocr_line' id='line_1_1' title="bbox 305 103 1128 147; baseline 0.001 -1"><span class='ocrx_word' id='word_1_1' title='bbox 305 105 388 146; x_wconf 81' lang='lat'>252</span> <span class='ocrx_word' id='word_1_2' title='bbox 910 103 1128 147; x_wconf 62' lang='lat' dir='ltr'>Omnem:</span> 
     </span>
    </p>
   </div>
   <div class='ocr_carea' id='block_1_2' title="bbox 709 325 1322 369">
    <p class='ocr_par' dir='ltr' id='par_1_2' title="bbox 709 325 1322 369">
     <span class='ocr_line' id='line_1_2' title="bbox 709 325 1322 369; baseline -0.003 0"><span class='ocrx_word' id='word_1_3' title='bbox 709 325 1131 369; x_wconf 82' lang='lat' dir='ltr'>HOMILIA</span> <span class='ocrx_word' id='word_1_4' title='bbox 1206 327 1322 368; x_wconf 85' lang='lat' dir='ltr'>XIV.</span> 
     </span>
    </p>
   </div>
   <div class='ocr_carea' id='block_1_3' title="bbox 361 439 1660 575">
    <p class='ocr_par' dir='ltr' id='par_1_3' title="bbox 361 439 1660 575">
     <span class='ocr_line' id='line_1_3' title="bbox 361 439 1660 496; baseline -0.001 -14"><span class='ocrx_word' id='word_1_5' title='bbox 361 442 429 482; x_wconf 85' lang='lat' dir='ltr'>Dc</span> <span class='ocrx_word' id='word_1_6' title='bbox 469 458 543 491; x_wconf 88' lang='lat' dir='ltr'>co,</span> <span class='ocrx_word' id='word_1_7' title='bbox 590 441 706 496; x_wconf 85' lang='lat' dir='ltr'>quod</span> <span class='ocrx_word' id='word_1_8' title='bbox 746 441 939 496; x_wconf 85' lang='lat' dir='ltr'>apparuit</span> <span class='ocrx_word' id='word_1_9' title='bbox 978 440 1191 483; x_wconf 83' lang='lat' dir='ltr'>Dominus</span> <span class='ocrx_word' id='word_1_10' title='bbox 1232 439 1344 480; x_wconf 82' lang='lat' dir='ltr'>Isaac</span> <span class='ocrx_word' id='word_1_11' title='bbox 1391 439 1443 480; x_wconf 85' lang='lat' dir='ltr'>ad</span> <span class='ocrx_word' id='word_1_12' title='bbox 1484 449 1660 494; x_wconf 86' lang='lat' dir='ltr'>puteum</span> 
     </span>
     <span class='ocr_line' id='line_1_4' title="bbox 415 516 1603 575; baseline -0.002 -16"><span class='ocrx_word' id='word_1_13' title='bbox 415 517 663 575; x_wconf 83' lang='lat' dir='ltr'>juramenti,</span> <span class='ocrx_word' id='word_1_14' title='bbox 703 529 742 559; x_wconf 89' lang='lat' dir='ltr'>et</span> <span class='ocrx_word' id='word_1_15' title='bbox 782 519 834 559; x_wconf 86' lang='lat' dir='ltr'>de</span> <span class='ocrx_word' id='word_1_16' title='bbox 871 530 1016 574; x_wconf 88' lang='lat' dir='ltr'>pacto,</span> <span class='ocrx_word' id='word_1_17' title='bbox 1068 520 1183 574; x_wconf 86' lang='lat' dir='ltr'>quod</span> <span class='ocrx_word' id='word_1_18' title='bbox 1226 516 1469 572; x_wconf 79' lang='lat' dir='ltr'>composuit</span> <span class='ocrx_word' id='word_1_19' title='bbox 1507 532 1603 558; x_wconf 90' lang='lat' dir='ltr'>cum</span> 
     </span>
    </p>
   </div>
   <div class='ocr_carea' id='block_1_4' title="bbox 874 595 1136 660">
    <p class='ocr_par' dir='ltr' id='par_1_4' title="bbox 874 595 1136 660">
     <span class='ocr_line' id='line_1_5' title="bbox 874 595 1136 660; baseline 0.004 -25"><span class='ocrx_word' id='word_1_20' title='bbox 874 595 1136 660; x_wconf 32' lang='lat' dir='ltr'>Abimelec-h.</span> 
     </span>
    </p>
   </div>
   <div class='ocr_carea' id='block_1_5' title="bbox 417 688 1718 750">
    <p class='ocr_par' dir='ltr' id='par_1_5' title="bbox 417 688 1718 750">
     <span class='ocr_line' id='line_1_6' title="bbox 417 688 1718 750; baseline -0.005 -13"><span class='ocrx_word' id='word_1_21' title='bbox 417 698 453 738; x_wconf 89' lang='lat'>1.</span> <span class='ocrx_word' id='word_1_22' title='bbox 487 693 702 750; x_wconf 80' lang='lat' dir='ltr'>Scriptum</span> <span class='ocrx_word' id='word_1_23' title='bbox 734 704 793 734; x_wconf 86' lang='lat' dir='ltr'>est</span> <span class='ocrx_word' id='word_1_24' title='bbox 822 694 864 733; x_wconf 83' lang='lat' dir='ltr'>in</span> <span class='ocrx_word' id='word_1_25' title='bbox 896 694 1102 748; x_wconf 85' lang='lat' dir='ltr'>propheta</span> <span class='ocrx_word' id='word_1_26' title='bbox 1136 710 1182 734; x_wconf 80' lang='lat' dir='ltr'>ex</span> <span class='ocrx_word' id='word_1_27' title='bbox 1224 708 1405 748; x_wconf 87' lang='lat' dir='ltr'>persona</span> <span class='ocrx_word' id='word_1_28' title='bbox 1436 689 1628 740; x_wconf 79' lang='lat' dir='ltr'>Domini,</span> <span class='ocrx_word' id='word_1_29' title='bbox 1655 688 1718 730; x_wconf 90' lang='lat' dir='ltr'>di-</span> 
     </span>
    </p>
   </div>
   <div class='ocr_carea' id='block_1_6' title="bbox 1757 678 1764 807">
    <p class='ocr_par' dir='ltr' id='par_1_6' title="bbox 1757 678 1764 807">
     <span class='ocr_line' id='line_1_7' title="bbox 1757 678 1764 807; textangle 90"><span class='ocrx_word' id='word_1_30' title='bbox 1757 678 1764 807; x_wconf 43' lang='lat'>-„*„.-.&lt;</span> 
     </span>
    </p>
   </div>
   <div class='ocr_carea' id='block_1_7' title="bbox 303 768 1717 827">
    <p class='ocr_par' dir='ltr' id='par_1_7' title="bbox 303 768 1717 827">
     <span class='ocr_line' id='line_1_8' title="bbox 303 768 1717 827; baseline -0.006 -13"><span class='ocrx_word' id='word_1_31' title='bbox 303 771 452 814; x_wconf 79' lang='lat' dir='ltr'>centis:</span> <span class='ocrx_word' id='word_1_32' title='bbox 484 784 549 821; x_wconf 85' lang='lat' dir='ltr'>„et</span> <span class='ocrx_word' id='word_1_33' title='bbox 570 771 610 827; x_wconf 78' lang='lat'>¹)</span> <span class='ocrx_word' id='word_1_34' title='bbox 637 770 679 811; x_wconf 84' lang='lat' dir='ltr'>in</span> <span class='ocrx_word' id='word_1_35' title='bbox 710 769 906 812; x_wconf 87' lang='lat' dir='ltr'>manibus</span> <span class='ocrx_word' id='word_1_36' title='bbox 947 771 1255 826; x_wconf 84' lang='lat' dir='ltr'>prophetarum</span> <span class='ocrx_word' id='word_1_37' title='bbox 1297 768 1545 810; x_wconf 84' lang='lat' dir='ltr'>assimilatus</span> <span class='ocrx_word' id='word_1_38' title='bbox 1585 771 1717 808; x_wconf 86' lang='lat' dir='ltr'>sum.“</span> 
     </span>
    </p>
   </div>
   <div class='ocr_carea' id='block_1_8' title="bbox 301 843 1718 1130">
    <p class='ocr_par' dir='ltr' id='par_1_8' title="bbox 301 843 1718 1130">
     <span class='ocr_line' id='line_1_9' title="bbox 304 843 1717 903; baseline -0.004 -14"><span class='ocrx_word' id='word_1_39' title='bbox 304 847 392 902; x_wconf 82' lang='lat' dir='ltr'>Qui</span> <span class='ocrx_word' id='word_1_40' title='bbox 422 864 560 889; x_wconf 78' lang='lat' dir='ltr'>sermo</span> <span class='ocrx_word' id='word_1_41' title='bbox 590 847 694 889; x_wconf 84' lang='lat' dir='ltr'>illud</span> <span class='ocrx_word' id='word_1_42' title='bbox 727 848 905 897; x_wconf 79' lang='lat' dir='ltr'>indiCat,</span> <span class='ocrx_word' id='word_1_43' title='bbox 945 849 1085 903; x_wconf 86' lang='lat' dir='ltr'>quod,</span> <span class='ocrx_word' id='word_1_44' title='bbox 1131 864 1225 888; x_wconf 88' lang='lat' dir='ltr'>cum</span> <span class='ocrx_word' id='word_1_45' title='bbox 1266 863 1374 887; x_wconf 87' lang='lat' dir='ltr'>unus</span> <span class='ocrx_word' id='word_1_46' title='bbox 1414 845 1464 886; x_wconf 87' lang='lat' dir='ltr'>sit</span> <span class='ocrx_word' id='word_1_47' title='bbox 1502 843 1717 885; x_wconf 78' lang='lat' dir='ltr'>Dominus</span> 
     </span>
     <span class='ocr_line' id='line_1_10' title="bbox 302 921 1718 981; baseline -0.004 -15"><span class='ocrx_word' id='word_1_48' title='bbox 302 937 446 966; x_wconf 78' lang='lat' dir='ltr'>noster</span> <span class='ocrx_word' id='word_1_49' title='bbox 474 926 594 967; x_wconf 81' lang='lat' dir='ltr'>Jesus</span> <span class='ocrx_word' id='word_1_50' title='bbox 620 925 808 966; x_wconf 86' lang='lat' dir='ltr'>Christus</span> <span class='ocrx_word' id='word_1_51' title='bbox 839 943 916 981; x_wconf 86' lang='lat' dir='ltr'>per</span> <span class='ocrx_word' id='word_1_52' title='bbox 938 926 1211 966; x_wconf 77' lang='lat' dir='ltr'><strong>substantiam</strong></span> <span class='ocrx_word' id='word_1_53' title='bbox 1233 941 1364 972; x_wconf 80' lang='lat' dir='ltr'>suam,</span> <span class='ocrx_word' id='word_1_54' title='bbox 1398 933 1437 963; x_wconf 86' lang='lat' dir='ltr'>et</span> <span class='ocrx_word' id='word_1_55' title='bbox 1466 921 1570 962; x_wconf 80' lang='lat' dir='ltr'>nihil</span> <span class='ocrx_word' id='word_1_56' title='bbox 1601 921 1718 962; x_wconf 83' lang='lat' dir='ltr'>aliud</span> 
     </span>
     <span class='ocr_line' id='line_1_11' title="bbox 303 997 1714 1056; baseline -0.003 -15"><span class='ocrx_word' id='word_1_57' title='bbox 303 1018 429 1056; x_wconf 86' lang='lat' dir='ltr'>quam</span> <span class='ocrx_word' id='word_1_58' title='bbox 462 1001 571 1042; x_wconf 80' lang='lat' dir='ltr'>silius</span> <span class='ocrx_word' id='word_1_59' title='bbox 603 1001 685 1042; x_wconf 78' lang='lat' dir='ltr'>Dei</span> <span class='ocrx_word' id='word_1_60' title='bbox 715 1003 779 1051; x_wconf 87' lang='lat' dir='ltr'>sit,</span> <span class='ocrx_word' id='word_1_61' title='bbox 810 1002 852 1042; x_wconf 89' lang='lat' dir='ltr'>in</span> <span class='ocrx_word' id='word_1_62' title='bbox 884 1001 1025 1054; x_wconf 75' lang='lat' dir='ltr'>figuris</span> <span class='ocrx_word' id='word_1_63' title='bbox 1054 1014 1208 1051; x_wconf 84' lang='lat' dir='ltr'>tamen,</span> <span class='ocrx_word' id='word_1_64' title='bbox 1241 1014 1280 1042; x_wconf 89' lang='lat' dir='ltr'>et</span> <span class='ocrx_word' id='word_1_65' title='bbox 1310 998 1458 1041; x_wconf 80' lang='lat' dir='ltr'>formis</span> <span class='ocrx_word' id='word_1_66' title='bbox 1490 997 1714 1053; x_wconf 86' lang='lat' dir='ltr'>scriptura-</span> 
     </span>
     <span class='ocr_line' id='line_1_12' title="bbox 301 1075 1718 1130; baseline -0.003 -11"><span class='ocrx_word' id='word_1_67' title='bbox 301 1094 409 1126; x_wconf 88' lang='lat' dir='ltr'>rum,</span> <span class='ocrx_word' id='word_1_68' title='bbox 439 1076 575 1118; x_wconf 86' lang='lat' dir='ltr'>varius</span> <span class='ocrx_word' id='word_1_69' title='bbox 604 1093 652 1118; x_wconf 87' lang='lat' dir='ltr'>ac</span> <span class='ocrx_word' id='word_1_70' title='bbox 683 1077 869 1118; x_wconf 79' lang='lat' dir='ltr'>diversus</span> <span class='ocrx_word' id='word_1_71' title='bbox 902 1077 1148 1118; x_wconf 77' lang='lat' dir='ltr'>ostenditur.</span> <span class='ocrx_word' id='word_1_72' title='bbox 1202 1077 1335 1119; x_wconf 82' lang='lat' dir='ltr'>Verbi</span> <span class='ocrx_word' id='word_1_73' title='bbox 1366 1076 1507 1130; x_wconf 83' lang='lat' dir='ltr'>gratia,</span> <span class='ocrx_word' id='word_1_74' title='bbox 1539 1075 1645 1116; x_wconf 81' lang='lat' dir='ltr'>sicut</span> <span class='ocrx_word' id='word_1_75' title='bbox 1674 1075 1718 1115; x_wconf 85' lang='lat' dir='ltr'>in</span> 
     </span>
    </p>
   </div>
   <div class='ocr_carea' id='block_1_9' title="bbox 300 1152 1752 1210">
    <p class='ocr_par' dir='ltr' id='par_1_9' title="bbox 300 1152 1752 1210">
     <span class='ocr_line' id='line_1_13' title="bbox 300 1152 1752 1210; baseline -0.003 -14"><span class='ocrx_word' id='word_1_76' title='bbox 300 1153 590 1209; x_wconf 85' lang='lat' dir='ltr'>superioribus</span> <span class='ocrx_word' id='word_1_77' title='bbox 621 1153 858 1210; x_wconf 77' lang='lat' dir='ltr'>exposuisse</span> <span class='ocrx_word' id='word_1_78' title='bbox 886 1171 963 1196; x_wconf 88' lang='lat' dir='ltr'>nos</span> <span class='ocrx_word' id='word_1_79' title='bbox 993 1154 1190 1203; x_wconf 87' lang='lat' dir='ltr'>memini,</span> <span class='ocrx_word' id='word_1_80' title='bbox 1239 1157 1355 1210; x_wconf 88' lang='lat' dir='ltr'>quod</span> <span class='ocrx_word' id='word_1_81' title='bbox 1386 1154 1473 1210; x_wconf 87' lang='lat' dir='ltr'>ipse</span> <span class='ocrx_word' id='word_1_82' title='bbox 1504 1152 1648 1194; x_wconf 80' lang='lat' dir='ltr'>suisset</span> <span class='ocrx_word' id='word_1_83' title='bbox 1674 1152 1718 1193; x_wconf 84' lang='lat' dir='ltr'>in</span> <span class='ocrx_word' id='word_1_84' title='bbox 1750 1174 1752 1178; x_wconf 37' lang='lat'>⁸</span> 
     </span>
    </p>
   </div>
   <div class='ocr_carea' id='block_1_10' title="bbox 298 1230 1764 2382">
    <p class='ocr_par' dir='ltr' id='par_1_10' title="bbox 298 1230 1764 1829">
     <span class='ocr_line' id='line_1_14' title="bbox 299 1230 1751 1289; baseline -0.001 -18"><span class='ocrx_word' id='word_1_85' title='bbox 299 1242 400 1289; x_wconf 75' lang='lat' dir='ltr'>typo</span> <span class='ocrx_word' id='word_1_86' title='bbox 424 1231 549 1280; x_wconf 83' lang='lat' dir='ltr'>Isaac,</span> <span class='ocrx_word' id='word_1_87' title='bbox 581 1248 677 1272; x_wconf 90' lang='lat' dir='ltr'>cum</span> <span class='ocrx_word' id='word_1_88' title='bbox 696 1232 924 1272; x_wconf 77' lang='lat' dir='ltr'>offerretur</span> <span class='ocrx_word' id='word_1_89' title='bbox 940 1232 992 1272; x_wconf 85' lang='lat' dir='ltr'>ad</span> <span class='ocrx_word' id='word_1_90' title='bbox 1017 1231 1327 1280; x_wconf 90' lang='lat' dir='ltr'>holocaustum,</span> <span class='ocrx_word' id='word_1_91' title='bbox 1357 1230 1486 1285; x_wconf 85' lang='lat' dir='ltr'>ipsius</span> <span class='ocrx_word' id='word_1_92' title='bbox 1517 1242 1656 1270; x_wconf 88' lang='lat' dir='ltr'>tamen</span> <span class='ocrx_word' id='word_1_93' title='bbox 1677 1241 1718 1271; x_wconf 87' lang='lat' dir='ltr'>et</span> <span class='ocrx_word' id='word_1_94' title='bbox 1750 1264 1751 1269; x_wconf 71' lang='grc'>,</span> 
     </span>
     <span class='ocr_line' id='line_1_15' title="bbox 299 1305 1760 1363; baseline -0.003 -12"><span class='ocrx_word' id='word_1_95' title='bbox 299 1310 405 1352; x_wconf 81' lang='lat' dir='ltr'>aries</span> <span class='ocrx_word' id='word_1_96' title='bbox 435 1312 618 1351; x_wconf 81' lang='lat' dir='ltr'>sormam</span> <span class='ocrx_word' id='word_1_97' title='bbox 648 1320 822 1350; x_wconf 81' lang='lat' dir='ltr'>teneret.</span> <span class='ocrx_word' id='word_1_98' title='bbox 868 1308 959 1360; x_wconf 83' lang='lat' dir='ltr'>Ego</span> <span class='ocrx_word' id='word_1_99' title='bbox 992 1307 1171 1363; x_wconf 86' lang='lat' dir='ltr'>amplius</span> <span class='ocrx_word' id='word_1_100' title='bbox 1191 1307 1299 1356; x_wconf 90' lang='lat' dir='ltr'>dico,</span> <span class='ocrx_word' id='word_1_101' title='bbox 1333 1308 1450 1363; x_wconf 90' lang='lat' dir='ltr'>quod</span> <span class='ocrx_word' id='word_1_102' title='bbox 1480 1305 1522 1347; x_wconf 87' lang='lat' dir='ltr'>in</span> <span class='ocrx_word' id='word_1_103' title='bbox 1554 1306 1717 1359; x_wconf 83' lang='lat' dir='ltr'>angelo,</span> <span class='ocrx_word' id='word_1_104' title='bbox 1750 1325 1760 1338; x_wconf 61' lang='grc' dir='ltr'>ν</span> 
     </span>
     <span class='ocr_line' id='line_1_16' title="bbox 302 1381 1751 1442; baseline 0 -17"><span class='ocrx_word' id='word_1_105' title='bbox 302 1386 373 1442; x_wconf 84' lang='lat' dir='ltr'>qui</span> <span class='ocrx_word' id='word_1_106' title='bbox 405 1386 570 1426; x_wconf 89' lang='lat' dir='ltr'>locutus</span> <span class='ocrx_word' id='word_1_107' title='bbox 603 1397 662 1426; x_wconf 88' lang='lat' dir='ltr'>est</span> <span class='ocrx_word' id='word_1_108' title='bbox 692 1386 745 1426; x_wconf 84' lang='lat' dir='ltr'>ad</span> <span class='ocrx_word' id='word_1_109' title='bbox 777 1386 1015 1435; x_wconf 83' lang='lat' dir='ltr'>Abraham,</span> <span class='ocrx_word' id='word_1_110' title='bbox 1062 1397 1102 1426; x_wconf 88' lang='lat' dir='ltr'>et</span> <span class='ocrx_word' id='word_1_111' title='bbox 1144 1384 1244 1425; x_wconf 88' lang='lat' dir='ltr'>dicit</span> <span class='ocrx_word' id='word_1_112' title='bbox 1284 1383 1340 1426; x_wconf 85' lang='lat' dir='ltr'>ei:</span> <span class='ocrx_word' id='word_1_113' title='bbox 1379 1400 1459 1434; x_wconf 87' lang='lat' dir='ltr'>„ne</span> <span class='ocrx_word' id='word_1_114' title='bbox 1475 1382 1519 1440; x_wconf 74' lang='lat'>²)</span> <span class='ocrx_word' id='word_1_115' title='bbox 1559 1381 1718 1440; x_wconf 69' lang='lat' dir='ltr'>inJIcias</span> <span class='ocrx_word' id='word_1_116' title='bbox 1750 1388 1751 1425; x_wconf 63' lang='grc' dir='ltr'>ζ</span> 
     </span>
     <span class='ocr_line' id='line_1_17' title="bbox 299 1460 1764 1518; baseline -0.001 -13"><span class='ocrx_word' id='word_1_117' title='bbox 299 1480 474 1505; x_wconf 75' lang='lat' dir='ltr'>manum</span> <span class='ocrx_word' id='word_1_118' title='bbox 506 1474 621 1503; x_wconf 80' lang='lat' dir='ltr'>tuam</span> <span class='ocrx_word' id='word_1_119' title='bbox 659 1461 701 1503; x_wconf 82' lang='lat' dir='ltr'>in</span> <span class='ocrx_word' id='word_1_120' title='bbox 734 1479 934 1518; x_wconf 84' lang='lat' dir='ltr'>puerum:</span> <span class='ocrx_word' id='word_1_121' title='bbox 928 1468 963 1487; x_wconf 87' lang='lat'>·“</span> <span class='ocrx_word' id='word_1_122' title='bbox 1002 1463 1089 1518; x_wconf 85' lang='lat' dir='ltr'>ipse</span> <span class='ocrx_word' id='word_1_123' title='bbox 1130 1461 1387 1510; x_wconf 74' lang='lat' dir='ltr'>ostenditur,</span> <span class='ocrx_word' id='word_1_124' title='bbox 1426 1461 1523 1517; x_wconf 82' lang='lat' dir='ltr'>quia</span> <span class='ocrx_word' id='word_1_125' title='bbox 1564 1460 1718 1502; x_wconf 83' lang='lat' dir='ltr'>iterum</span> <span class='ocrx_word' id='word_1_126' title='bbox 1750 1462 1764 1503; x_wconf 57' lang='lat'>³5</span> 
     </span>
     <span class='ocr_line' id='line_1_18' title="bbox 300 1537 1764 1596; baseline -0.002 -14"><span class='ocrx_word' id='word_1_127' title='bbox 300 1541 402 1582; x_wconf 79' lang='lat' dir='ltr'>dicit</span> <span class='ocrx_word' id='word_1_128' title='bbox 434 1541 487 1581; x_wconf 85' lang='lat' dir='ltr'>ad</span> <span class='ocrx_word' id='word_1_129' title='bbox 519 1555 637 1581; x_wconf 87' lang='lat' dir='ltr'>eum:</span> <span class='ocrx_word' id='word_1_130' title='bbox 668 1540 981 1596; x_wconf 79' lang='lat' dir='ltr'>‚,pr·opte1ea³)</span> <span class='ocrx_word' id='word_1_131' title='bbox 1014 1541 1132 1596; x_wconf 90' lang='lat' dir='ltr'>quod</span> <span class='ocrx_word' id='word_1_132' title='bbox 1161 1537 1295 1580; x_wconf 84' lang='lat' dir='ltr'>fecisti</span> <span class='ocrx_word' id='word_1_133' title='bbox 1317 1539 1492 1580; x_wconf 70' lang='lat' dir='ltr'>xeibum</span> <span class='ocrx_word' id='word_1_134' title='bbox 1516 1539 1612 1587; x_wconf 89' lang='lat' dir='ltr'>hoc,</span> <span class='ocrx_word' id='word_1_135' title='bbox 1641 1539 1716 1579; x_wconf 85' lang='lat' dir='ltr'>be·</span> <span class='ocrx_word' id='word_1_136' title='bbox 1758 1537 1764 1588; x_wconf 51' lang='grc' dir='ltr'><em>ἦ</em></span> 
     </span>
     <span class='ocr_line' id='line_1_19' title="bbox 298 1615 1764 1672; baseline -0.001 -13"><span class='ocrx_word' id='word_1_137' title='bbox 298 1618 498 1659; x_wconf 85' lang='lat' dir='ltr'>nedicens</span> <span class='ocrx_word' id='word_1_138' title='bbox 528 1617 777 1657; x_wconf 77' lang='lat' dir='ltr'>benedicam</span> <span class='ocrx_word' id='word_1_139' title='bbox 808 1629 861 1661; x_wconf 86' lang='lat' dir='ltr'>te</span> <span class='ocrx_word' id='word_1_140' title='bbox 866 1623 889 1641; x_wconf 92' lang='lat'><strong>“</strong></span> <span class='ocrx_word' id='word_1_141' title='bbox 950 1617 1067 1666; x_wconf 78' lang='lat' dir='ltr'>Ovis,</span> <span class='ocrx_word' id='word_1_142' title='bbox 1099 1617 1162 1657; x_wconf 81' lang='lat' dir='ltr'>vel</span> <span class='ocrx_word' id='word_1_143' title='bbox 1194 1633 1335 1668; x_wconf 84' lang='lat' dir='ltr'>agnus,</span> <span class='ocrx_word' id='word_1_144' title='bbox 1368 1615 1439 1671; x_wconf 90' lang='lat' dir='ltr'>qui</span> <span class='ocrx_word' id='word_1_145' title='bbox 1468 1615 1717 1655; x_wconf 86' lang='lat' dir='ltr'>immolatur</span> <span class='ocrx_word' id='word_1_146' title='bbox 1758 1629 1764 1672; x_wconf 77' lang='grc' dir='ltr'><strong>ς</strong></span> 
     </span>
     <span class='ocr_line' id='line_1_20' title="bbox 298 1690 1764 1750; baseline -0.001 -14"><span class='ocrx_word' id='word_1_147' title='bbox 298 1695 342 1736; x_wconf 84' lang='lat' dir='ltr'>in</span> <span class='ocrx_word' id='word_1_148' title='bbox 372 1695 547 1742; x_wconf 82' lang='lat' dir='ltr'>Pascha,</span> <span class='ocrx_word' id='word_1_149' title='bbox 575 1694 665 1750; x_wconf 89' lang='lat' dir='ltr'>ipse</span> <span class='ocrx_word' id='word_1_150' title='bbox 696 1693 868 1744; x_wconf 85' lang='lat' dir='ltr'>dicitur,</span> <span class='ocrx_word' id='word_1_151' title='bbox 908 1706 948 1734; x_wconf 89' lang='lat' dir='ltr'>et</span> <span class='ocrx_word' id='word_1_152' title='bbox 980 1694 1122 1735; x_wconf 80' lang='lat' dir='ltr'>ovium</span> <span class='ocrx_word' id='word_1_153' title='bbox 1152 1705 1298 1748; x_wconf 86' lang='lat' dir='ltr'>pastor</span> <span class='ocrx_word' id='word_1_154' title='bbox 1316 1692 1360 1747; x_wconf 66' lang='grc' dir='ltr'>α&gt;</span> <span class='ocrx_word' id='word_1_155' title='bbox 1391 1692 1480 1748; x_wconf 84' lang='lat' dir='ltr'>ipse</span> <span class='ocrx_word' id='word_1_156' title='bbox 1510 1691 1715 1745; x_wconf 82' lang='lat' dir='ltr'>signatur:</span> <span class='ocrx_word' id='word_1_157' title='bbox 1754 1690 1764 1734; x_wconf 60' lang='grc' dir='ltr'><em>ἒ</em></span> 
     </span>
     <span class='ocr_line' id='line_1_21' title="bbox 300 1770 1714 1829; baseline -0.002 -15"><span class='ocrx_word' id='word_1_158' title='bbox 300 1785 340 1814; x_wconf 89' lang='lat' dir='ltr'>et</span> <span class='ocrx_word' id='word_1_159' title='bbox 369 1772 579 1829; x_wconf 76' lang='lat' dir='ltr'>pontifex,</span> <span class='ocrx_word' id='word_1_160' title='bbox 620 1771 691 1826; x_wconf 88' lang='lat' dir='ltr'>qui</span> <span class='ocrx_word' id='word_1_161' title='bbox 732 1773 857 1812; x_wconf 77' lang='lat' dir='ltr'>offert</span> <span class='ocrx_word' id='word_1_162' title='bbox 895 1770 1169 1820; x_wconf 77' lang='lat' dir='ltr'>sacrificium,</span> <span class='ocrx_word' id='word_1_163' title='bbox 1215 1770 1493 1811; x_wconf 78' lang='lat' dir='ltr'>nihilominus</span> <span class='ocrx_word' id='word_1_164' title='bbox 1522 1770 1610 1826; x_wconf 86' lang='lat' dir='ltr'>ipse</span> <span class='ocrx_word' id='word_1_165' title='bbox 1642 1770 1714 1811; x_wconf 86' lang='lat' dir='ltr'>de·</span> 
     </span>
    </p>

    <p class='ocr_par' dir='ltr' id='par_1_11' title="bbox 299 1846 1759 1981">
     <span class='ocr_line' id='line_1_22' title="bbox 299 1846 1759 1903; baseline -0.003 -12"><span class='ocrx_word' id='word_1_166' title='bbox 299 1848 508 1892; x_wconf 77' lang='lat' dir='ltr'>scribitur.</span> <span class='ocrx_word' id='word_1_167' title='bbox 558 1850 749 1903; x_wconf 87' lang='lat' dir='ltr'>Sponsus</span> <span class='ocrx_word' id='word_1_168' title='bbox 780 1860 983 1903; x_wconf 87' lang='lat' dir='ltr'>tanquam</span> <span class='ocrx_word' id='word_1_169' title='bbox 1014 1849 1203 1889; x_wconf 87' lang='lat' dir='ltr'>Verbum</span> <span class='ocrx_word' id='word_1_170' title='bbox 1235 1846 1318 1887; x_wconf 86' lang='lat' dir='ltr'>Dei</span> <span class='ocrx_word' id='word_1_171' title='bbox 1349 1847 1436 1902; x_wconf 81' lang='lat' dir='ltr'>ipse</span> <span class='ocrx_word' id='word_1_172' title='bbox 1464 1847 1717 1902; x_wconf 82' lang='lat' dir='ltr'>appellatur,</span> <span class='ocrx_word' id='word_1_173' title='bbox 1755 1854 1759 1868; x_wconf 85' lang='lat'>¹</span> 
     </span>
     <span class='ocr_line' id='line_1_23' title="bbox 302 1921 1716 1981; baseline -0.004 -13"><span class='ocrx_word' id='word_1_174' title='bbox 302 1940 341 1968; x_wconf 78' lang='lat' dir='ltr'>et</span> <span class='ocrx_word' id='word_1_175' title='bbox 373 1938 574 1981; x_wconf 85' lang='lat' dir='ltr'>tanquam</span> <span class='ocrx_word' id='word_1_176' title='bbox 605 1924 806 1980; x_wconf 80' lang='lat' dir='ltr'>sapientia</span> <span class='ocrx_word' id='word_1_177' title='bbox 837 1926 928 1980; x_wconf 86' lang='lat' dir='ltr'>ipse</span> <span class='ocrx_word' id='word_1_178' title='bbox 959 1943 1101 1966; x_wconf 90' lang='lat' dir='ltr'>rursus</span> <span class='ocrx_word' id='word_1_179' title='bbox 1125 1941 1277 1980; x_wconf 85' lang='lat' dir='ltr'>sponsa</span> <span class='ocrx_word' id='word_1_180' title='bbox 1308 1923 1577 1963; x_wconf 79' lang='lat' dir='ltr'>nominatur:</span> <span class='ocrx_word' id='word_1_181' title='bbox 1610 1921 1716 1963; x_wconf 83' lang='lat' dir='ltr'>sicut</span> 
     </span>
    </p>

    <p class='ocr_par' dir='ltr' id='par_1_12' title="bbox 300 1999 1714 2059">
     <span class='ocr_line' id='line_1_24' title="bbox 300 1999 1714 2059; baseline -0.004 -15"><span class='ocrx_word' id='word_1_182' title='bbox 300 2015 340 2045; x_wconf 90' lang='lat' dir='ltr'>et</span> <span class='ocrx_word' id='word_1_183' title='bbox 368 2004 578 2059; x_wconf 81' lang='lat' dir='ltr'>propheta</span> <span class='ocrx_word' id='word_1_184' title='bbox 609 2001 708 2042; x_wconf 87' lang='lat' dir='ltr'>dicit</span> <span class='ocrx_word' id='word_1_185' title='bbox 740 2019 786 2042; x_wconf 81' lang='lat' dir='ltr'>ex</span> <span class='ocrx_word' id='word_1_186' title='bbox 817 2019 998 2057; x_wconf 86' lang='lat' dir='ltr'>persona</span> <span class='ocrx_word' id='word_1_187' title='bbox 1037 2001 1184 2057; x_wconf 83' lang='lat' dir='ltr'>ipsius:</span> <span class='ocrx_word' id='word_1_188' title='bbox 1227 2012 1456 2056; x_wconf 80' lang='lat' dir='ltr'>„tanquam</span> <span class='ocrx_word' id='word_1_189' title='bbox 1474 1999 1517 2054; x_wconf 73' lang='lat'>⁵)</span> <span class='ocrx_word' id='word_1_190' title='bbox 1557 2015 1714 2055; x_wconf 87' lang='lat' dir='ltr'>sponso</span> 
     </span>
    </p>

    <p class='ocr_par' dir='ltr' id='par_1_13' title="bbox 302 2076 1713 2138">
     <span class='ocr_line' id='line_1_25' title="bbox 302 2076 1713 2138; baseline -0.004 -16"><span class='ocrx_word' id='word_1_191' title='bbox 302 2081 444 2138; x_wconf 87' lang='lat' dir='ltr'>posuit</span> <span class='ocrx_word' id='word_1_192' title='bbox 475 2078 577 2120; x_wconf 84' lang='lat' dir='ltr'>mihi</span> <span class='ocrx_word' id='word_1_193' title='bbox 608 2077 788 2127; x_wconf 83' lang='lat' dir='ltr'>mitram,</span> <span class='ocrx_word' id='word_1_194' title='bbox 819 2090 1021 2135; x_wconf 77' lang='lat' dir='ltr'>tanquam</span> <span class='ocrx_word' id='word_1_195' title='bbox 1052 2095 1250 2134; x_wconf 82' lang='lat' dir='ltr'>sponsam</span> <span class='ocrx_word' id='word_1_196' title='bbox 1288 2076 1509 2125; x_wconf 75' lang='lat' dir='ltr'>adornavit</span> <span class='ocrx_word' id='word_1_197' title='bbox 1538 2092 1606 2117; x_wconf 88' lang='lat' dir='ltr'>me</span> <span class='ocrx_word' id='word_1_198' title='bbox 1644 2093 1713 2116; x_wconf 82' lang='lat' dir='ltr'>or-</span> 
     </span>
    </p>

    <p class='ocr_par' dir='ltr' id='par_1_14' title="bbox 298 2152 1764 2382">
     <span class='ocr_line' id='line_1_26' title="bbox 300 2152 1757 2212; baseline -0.002 -15"><span class='ocrx_word' id='word_1_199' title='bbox 300 2162 562 2198; x_wconf 76' lang='lat' dir='ltr'>name1ito:“</span> <span class='ocrx_word' id='word_1_200' title='bbox 607 2168 647 2197; x_wconf 85' lang='lat' dir='ltr'>et</span> <span class='ocrx_word' id='word_1_201' title='bbox 684 2157 816 2197; x_wconf 82' lang='lat' dir='ltr'>multa</span> <span class='ocrx_word' id='word_1_202' title='bbox 862 2156 964 2206; x_wconf 82' lang='lat' dir='ltr'>alia,</span> <span class='ocrx_word' id='word_1_203' title='bbox 1015 2172 1122 2212; x_wconf 87' lang='lat' dir='ltr'>quae</span> <span class='ocrx_word' id='word_1_204' title='bbox 1160 2172 1275 2196; x_wconf 87' lang='lat' dir='ltr'>nunc</span> <span class='ocrx_word' id='word_1_205' title='bbox 1312 2154 1479 2195; x_wconf 82' lang='lat' dir='ltr'>interim</span> <span class='ocrx_word' id='word_1_206' title='bbox 1519 2152 1716 2209; x_wconf 82' lang='lat' dir='ltr'>persequi</span> <span class='ocrx_word' id='word_1_207' title='bbox 1755 2173 1757 2176; x_wconf 92' lang='lat'>·</span> 
     </span>
     <span class='ocr_line' id='line_1_27' title="bbox 298 2231 1757 2288; baseline -0.003 -14"><span class='ocrx_word' id='word_1_208' title='bbox 298 2236 474 2286; x_wconf 83' lang='lat' dir='ltr'>longum</span> <span class='ocrx_word' id='word_1_209' title='bbox 506 2244 578 2274; x_wconf 87' lang='lat' dir='ltr'>est.</span> <span class='ocrx_word' id='word_1_210' title='bbox 637 2233 756 2274; x_wconf 86' lang='lat' dir='ltr'>Sicut</span> <span class='ocrx_word' id='word_1_211' title='bbox 787 2249 885 2284; x_wconf 84' lang='lat' dir='ltr'>ergo</span> <span class='ocrx_word' id='word_1_212' title='bbox 916 2232 1005 2288; x_wconf 86' lang='lat' dir='ltr'>ipse</span> <span class='ocrx_word' id='word_1_213' title='bbox 1035 2232 1249 2273; x_wconf 88' lang='lat' dir='ltr'>Dominus</span> <span class='ocrx_word' id='word_1_214' title='bbox 1280 2247 1359 2288; x_wconf 90' lang='lat' dir='ltr'>pro</span> <span class='ocrx_word' id='word_1_215' title='bbox 1405 2231 1505 2271; x_wconf 91' lang='lat' dir='ltr'>loco</span> <span class='ocrx_word' id='word_1_216' title='bbox 1538 2242 1578 2271; x_wconf 89' lang='lat' dir='ltr'>et</span> <span class='ocrx_word' id='word_1_217' title='bbox 1606 2242 1713 2271; x_wconf 76' lang='lat' dir='ltr'>tem·</span> <span class='ocrx_word' id='word_1_218' title='bbox 1754 2252 1757 2258; x_wconf 87' lang='lat'>·</span> 
     </span>
     <span class='ocr_line' id='line_1_28' title="bbox 299 2305 1764 2382; baseline -0.005 -29"><span class='ocrx_word' id='word_1_219' title='bbox 299 2327 418 2368; x_wconf 89' lang='lat' dir='ltr'>pore,</span> <span class='ocrx_word' id='word_1_220' title='bbox 449 2312 633 2352; x_wconf 86' lang='lat' dir='ltr'>sormam</span> <span class='ocrx_word' id='word_1_221' title='bbox 663 2309 726 2351; x_wconf 85' lang='lat' dir='ltr'>sui</span> <span class='ocrx_word' id='word_1_222' title='bbox 764 2309 933 2361; x_wconf 76' lang='lat' dir='ltr'>singulis</span> <span class='ocrx_word' id='word_1_223' title='bbox 966 2308 1203 2366; x_wconf 81' lang='lat' dir='ltr'>quibusque</span> <span class='ocrx_word' id='word_1_224' title='bbox 1234 2308 1530 2349; x_wconf 85' lang='lat' dir='ltr'>accommodat</span> <span class='ocrx_word' id='word_1_225' title='bbox 1559 2305 1714 2347; x_wconf 82' lang='lat' dir='ltr'>causis:</span> <span class='ocrx_word' id='word_1_226' title='bbox 1756 2320 1764 2382; x_wconf 61' lang='grc' dir='ltr'>ῑ</span> 
     </span>
    </p>
   </div>
   <div class='ocr_carea' id='block_1_11' title="bbox 298 2383 1764 2446">
    <p class='ocr_par' dir='ltr' id='par_1_15' title="bbox 298 2382 1764 2446">
     <span class='ocr_line' id='line_1_29' title="bbox 298 2383 1764 2446; baseline -0.005 -16"><span class='ocrx_word' id='word_1_227' title='bbox 298 2388 355 2430; x_wconf 83' lang='lat' dir='ltr'>ita</span> <span class='ocrx_word' id='word_1_228' title='bbox 385 2388 509 2430; x_wconf 85' lang='lat' dir='ltr'>etiam</span> <span class='ocrx_word' id='word_1_229' title='bbox 539 2387 692 2437; x_wconf 87' lang='lat' dir='ltr'>saneti,</span> <span class='ocrx_word' id='word_1_230' title='bbox 736 2386 806 2443; x_wconf 89' lang='lat' dir='ltr'>qui</span> <span class='ocrx_word' id='word_1_231' title='bbox 847 2386 934 2444; x_wconf 84' lang='lat' dir='ltr'>ejus</span> <span class='ocrx_word' id='word_1_232' title='bbox 965 2398 1112 2446; x_wconf 71' lang='lat' dir='ltr'>typum</span> <span class='ocrx_word' id='word_1_233' title='bbox 1154 2387 1377 2439; x_wconf 84' lang='lat' dir='ltr'>gerebant,</span> <span class='ocrx_word' id='word_1_234' title='bbox 1417 2400 1496 2441; x_wconf 90' lang='lat' dir='ltr'>pro</span> <span class='ocrx_word' id='word_1_235' title='bbox 1539 2383 1642 2424; x_wconf 81' lang='lat' dir='ltr'>locis</span> <span class='ocrx_word' id='word_1_236' title='bbox 1675 2395 1714 2424; x_wconf 85' lang='lat' dir='ltr'>et</span> <span class='ocrx_word' id='word_1_237' title='bbox 1757 2389 1764 2424; x_wconf 75' lang='lat' dir='ltr'><strong>i</strong></span> 
     </span>
    </p>
   </div>
   <div class='ocr_carea' id='block_1_12' title="bbox 414 2581 1445 2708">
    <p class='ocr_par' dir='ltr' id='par_1_16' title="bbox 414 2581 1445 2708">
     <span class='ocr_line' id='line_1_30' title="bbox 420 2581 1445 2639; baseline -0.003 -15"><span class='ocrx_word' id='word_1_238' title='bbox 420 2585 462 2639; x_wconf 79' lang='lat'>¹)</span> <span class='ocrx_word' id='word_1_239' title='bbox 492 2585 594 2626; x_wconf 86' lang='lat' dir='ltr'>Hos.</span> <span class='ocrx_word' id='word_1_240' title='bbox 626 2584 722 2634; x_wconf 85' lang='lat' dir='ltr'>XII,</span> <span class='ocrx_word' id='word_1_241' title='bbox 753 2586 816 2626; x_wconf 88' lang='grc'>10.</span> <span class='ocrx_word' id='word_1_242' title='bbox 947 2582 993 2637; x_wconf 82' lang='lat'>²)</span> <span class='ocrx_word' id='word_1_243' title='bbox 1027 2582 1179 2625; x_wconf 86' lang='lat' dir='ltr'>Genes.</span> <span class='ocrx_word' id='word_1_244' title='bbox 1210 2581 1349 2631; x_wconf 82' lang='lat' dir='ltr'>XXII,</span> <span class='ocrx_word' id='word_1_245' title='bbox 1381 2583 1445 2625; x_wconf 79' lang='grc'>12.</span> 
     </span>
     <span class='ocr_line' id='line_1_31' title="bbox 414 2655 1008 2708; baseline -0.005 -11"><span class='ocrx_word' id='word_1_246' title='bbox 414 2655 460 2708; x_wconf 78' lang='lat'>³)</span> <span class='ocrx_word' id='word_1_247' title='bbox 492 2655 645 2697; x_wconf 86' lang='lat' dir='ltr'>Genes.</span> <span class='ocrx_word' id='word_1_248' title='bbox 675 2655 815 2704; x_wconf 84' lang='lat' dir='ltr'>XXII,</span> <span class='ocrx_word' id='word_1_249' title='bbox 846 2655 914 2699; x_wconf 83' lang='grc'>16.</span> <span class='ocrx_word' id='word_1_250' title='bbox 944 2655 1008 2696; x_wconf 82' lang='grc'>17.</span> 
     </span>
    </p>
   </div>
   <div class='ocr_carea' id='block_1_13' title="bbox 298 2722 1764 2822">
    <p class='ocr_par' dir='ltr' id='par_1_17' title="bbox 298 2722 1764 2822">
     <span class='ocr_line' id='line_1_32' title="bbox 317 2722 1764 2822; baseline -0.001 -58"><span class='ocrx_word' id='word_1_251' title='bbox 317 2779 353 2822; x_wconf 33' lang='grc' dir='ltr'>οἱ</span> <span class='ocrx_word' id='word_1_252' title='bbox 416 2722 461 2779; x_wconf 75' lang='lat'>⁸)</span> <span class='ocrx_word' id='word_1_253' title='bbox 491 2725 603 2766; x_wconf 87' lang='lat' dir='ltr'>Edd.</span> <span class='ocrx_word' id='word_1_254' title='bbox 649 2724 844 2769; x_wconf 85' lang='lat' dir='ltr'>Merlini:</span> <span class='ocrx_word' id='word_1_255' title='bbox 903 2736 1059 2781; x_wconf 86' lang='lat' dir='ltr'>pastor.</span> <span class='ocrx_word' id='word_1_256' title='bbox 1136 2724 1232 2780; x_wconf 82' lang='lat' dir='ltr'>Ipse</span> <span class='ocrx_word' id='word_1_257' title='bbox 1274 2722 1459 2777; x_wconf 70' lang='lat' dir='ltr'>signatur</span> <span class='ocrx_word' id='word_1_258' title='bbox 1509 2733 1547 2764; x_wconf 84' lang='lat' dir='ltr'>et</span> <span class='ocrx_word' id='word_1_259' title='bbox 1600 2729 1764 2778; x_wconf 49' lang='lat' dir='ltr'>pon-131</span> 
     </span>
     <span class='ocr_line' id='line_1_33' title="bbox 298 2791 504 2822; baseline 0.01 -2"><span class='ocrx_word' id='word_1_260' title='bbox 298 2791 329 2821; x_wconf 80' lang='lat' dir='ltr'>u</span> <span class='ocrx_word' id='word_1_261' title='bbox 352 2796 396 2821; x_wconf 84' lang='lat' dir='ltr'>ex</span> <span class='ocrx_word' id='word_1_262' title='bbox 430 2792 504 2822; x_wconf 88' lang='lat' dir='ltr'>etc.</span> 
     </span>
    </p>
   </div>
   <div class='ocr_carea' id='block_1_14' title="bbox 414 2847 845 2904">
    <p class='ocr_par' dir='ltr' id='par_1_18' title="bbox 414 2847 845 2904">
     <span class='ocr_line' id='line_1_34' title="bbox 414 2847 845 2904; baseline 0.005 -14"><span class='ocrx_word' id='word_1_263' title='bbox 414 2847 459 2904; x_wconf 69' lang='grc'>6&gt;</span> <span class='ocrx_word' id='word_1_264' title='bbox 489 2850 611 2893; x_wconf 81' lang='lat' dir='ltr'>Jesai.</span> <span class='ocrx_word' id='word_1_265' title='bbox 643 2851 751 2904; x_wconf 79' lang='lat' dir='ltr'>LXI,</span> <span class='ocrx_word' id='word_1_266' title='bbox 784 2851 845 2896; x_wconf 82' lang='grc'>10.</span> 
     </span>
    </p>
   </div>
  </div>
 </body>
</html>
