1764 3096
240 97 326 142 148
846 94 1069 139 Omossms

243 207 506 252 distinctum:
550 207 802 265 philosophi
841 225 941 251 vero
991 210 1105 251 velut
1147 208 1344 251 fabulosa
1393 209 1497 251 h¹aec
1540 221 1579 252 et
1622 215 1674 255 ad

243 286 516 343 poeticorum
574 285 900 328 similitudinem
947 289 1250 340 figmentorum
1301 289 1485 328 formata
1536 288 1676 343 despi-

247 362 384 404 ciunt:
416 362 583 405 videtur
613 362 719 405 mihi
751 365 804 405 de
834 364 897 405 his
927 365 1070 420 primo
1104 366 1252 420 paucis
1289 363 1680 414 sermocinandum,

247 451 287 480 et
325 450 428 482 tune
471 443 524 482 ad
563 458 633 492 ea,
672 457 782 497 quae
823 442 994 484 recitata
1028 455 1146 492 sunt,
1188 441 1457 482 veniendum.
1530 441 1676 482 Primo

248 533 348 570 ergo
398 519 452 559 ad
495 536 567 561 eos
606 519 658 560 sit
688 534 854 569 sermo,
894 520 968 576 qui
1007 520 1118 562 soris'
1150 519 1277 576 positi
1316 530 1564 569 arroganter
1601 535 1680 559 nos

248 593 617 650 circumstrepunt,
648 595 832 638 dicentes
865 598 1026 639 excelso
1069 596 1129 637 illi
1164 607 1204 636 et
1234 594 1430 636 invisibili
1462 607 1587 650 atque
1614 595 1678 636 in-

250 686 462 726 corporeo
495 671 592 713 Deo
626 689 716 713 non
749 674 1002 724 convenire,
1047 684 1093 714 ut
1123 671 1318 713 humanis
1348 682 1491 712 utatur
1521 671 1681 712 assecli-

249 747 404 802 bus.¹)
464 748 510 790 Si
551 750 664 791 enim
705 751 936 806 loquendi,
966 751 1187 806 inquiunt,
1221 749 1256 790 ei
1289 749 1394 790 datis
1425 765 1562 798 usum,
1592 749 1682 790 sine

250 825 384 866 dubio
417 825 568 868 dabitis
600 838 639 868 et
669 844 728 877 os,
760 840 798 869 et
825 828 1027 880 linguam,
1059 839 1281 882 ceteraque
1301 827 1508 876 membra,
1530 825 1682 882 quibus

251 902 460 957 loquendi
501 905 692 958 expletur
738 905 943 948 officium.
1016 907 1149 962 Quod
1187 905 1220 946 si
1259 904 1333 952 sit,
1375 919 1583 944 recessum
1625 914 1681 943 est

253 981 306 1020 ab
336 979 535 1021 invisibili
567 993 607 1021 et
636 982 900 1036 incorporeo
933 984 1053 1025 Deo:
1098 995 1137 1024 et
1165 984 1300 1023 multa
1332 981 1393 1022 his
1424 980 1577 1021 similia
1607 996 1683 1020 ne-

252 1068 408 1098 ctentes
438 1057 581 1112 nos2)
613 1057 798 1109 fatigant.
860 1062 928 1101 Ad
959 1061 1062 1102 haee
1095 1078 1208 1114 ergo,
1247 1059 1281 1102 si
1313 1057 1510 1116 precibus
1542 1057 1682 1098 vestris

253 1133 460 1190 juvemur,
490 1145 622 1189 prout
652 1135 866 1178 Dominus
899 1138 1075 1187 dederit,
1105 1137 1289 1178 breviter
1319 1152 1606 1177 occurremus.

365 1212 405 1253 2.
436 1212 525 1252 Nos
555 1211 663 1252 sieut
690 1211 999 1268 incorporeum
1031 1230 1118 1255 esse
1148 1214 1305 1264 Deum,
1337 1223 1375 1258 et
1407 1213 1684 1268 omnipoten-

253 1301 362 1338 tem,
409 1299 449 1328 et
477 1287 731 1329 invisibilem
763 1290 1038 1345 profitemur,
1077 1290 1134 1331 ita
1165 1306 1266 1332 eum
1294 1306 1444 1331 curare
1471 1289 1683 1338 mortalia,

255 1377 294 1406 et
322 1364 428 1405 nihil
459 1365 619 1419 absque
651 1363 738 1422 ejus
768 1366 1038 1421 providentia
1069 1367 1168 1419 geri,
1197 1382 1337 1422 neque
1366 1367 1410 1408 in
1443 1367 1578 1416 coelo,
1607 1382 1684 1407 ne-

254 1442 413 1498 quein
440 1441 582 1493 terris,
621 1454 736 1484 certo
781 1455 820 1484 et
857 1443 1073 1486 immobili
1112 1444 1373 1500 dogmat02)
1414 1444 1684 1486 confitemur.

255 1518 491 1568 Elemento,
521 1518 619 1574 quia
650 1520 780 1570 „nihil
808 1521 899 1563 sine
928 1521 1225 1577 providentia“
1257 1519 1344 1577 ejus
1375 1521 1462 1574 geri
1493 1521 1685 1570 diximus,

258 1612 372 1636 non:
412 1595 530 1646 „sine
568 1596 826 1637 voluntate.“
882 1598 1021 1641 Multa
1063 1598 1176 1639 enim
1214 1598 1304 1639 sine
1339 1600 1557 1640 voluntate
1597 1596 1686 1655 ejus

256 1682 472 1724 geruntur,
501 1670 607 1712 nihil
637 1672 727 1714 sine
756 1676 1039 1730 providentia.
1090 1674 1363 1717 Providentia
1394 1691 1581 1730 namque
1611 1685 1684 1724 est,

259 1766 343 1805 qua
383 1760 606 1805 procurat,
642 1761 686 1790 et
716 1751 950 1807 dispensat,
995 1764 1036 1794 et
1061 1752 1281 1809 providet,
1320 1768 1430 1808 quae
1468 1763 1681 1803 geruntur.

256 1827 466 1868 Voluntas
495 1842 596 1867 vero
629 1838 700 1877 est,
731 1843 814 1883 qua
843 1830 932 1870 vult
961 1829 1146 1885 aliquid,
1193 1840 1265 1870 aut
1302 1845 1393 1870 non
1423 1828 1524 1869 vult.
1595 1828 1682 1869 Sed

259 1905 313 1944 de
342 1902 405 1944 his
435 1902 548 1946 alias.
605 1904 797 1955 Longior
827 1904 939 1945 enim
971 1917 1030 1946 est
1062 1917 1101 1947 et
1143 1905 1340 1947 diffusior
1370 1907 1446 1947 iste
1474 1916 1704 1964 tractatus·

260 1980 511 2022 Secundum
540 1980 625 2021 hoe
657 1995 780 2031 ergo,
811 1982 930 2036 quod
961 1982 1229 2038 provisorem
1272 1982 1490 2032 omnium,
1529 1993 1568 2022 et
1598 1981 1703 2031 dis<
1762 2011 1764 2015 -

256 2069 529 2112 pensatorem
568 2057 823 2113 profitemur
851 2058 1018 2109 Deum,
1066 2076 1332 2115 consequens
1378 2071 1457 2110 est,
1501 2070 1549 2099 ut
1581 2058 1686 2114 quid

257 2135 368 2183 velit,
396 2135 462 2174 vel
492 2135 596 2189 quid
624 2134 872 2177 hominibus
903 2137 1109 2192 expediat,
1138 2137 1311 2182 indicet.
1371 2136 1418 2178 Si
1451 2137 1565 2178 enim
1594 2152 1686 2176 non

258 2211 438 2262 indicet,
478 2225 559 2251 nec
596 2210 675 2250 erit
714 2211 910 2264 provisor
946 2213 1156 2263 hominis,
1202 2230 1282 2254 nee
1321 2212 1505 2254 creditur
1537 2228 1685 2253 curare
1722 2214 1726 2217 ⁴

260 2286 466 2329 mortalia.
523 2287 722 2330 Indicans
746 2287 871 2341 igitur
892 2288 1010 2330 Deus
1031 2289 1292 2339 hominibus,
1323 2304 1431 2345 quae
1461 2305 1532 2331 cos
1562 2304 1685 2340 agere

259 2366 360 2415 vult,
391 2379 477 2420 quo
508 2363 776 2418 potissimum
801 2366 956 2406 affectu
974 2365 1180 2407 dicendus
1200 2377 1258 2407 est
1273 2364 1495 2407 indicare?
1527 2365 1685 2406 Nonne

208 2478 213 2481 Α
259 2457 327 2491 eo,
357 2441 429 2495 qui
459 2440 704 2484 hominibus
732 2442 777 2484 in
807 2459 887 2484 usu
918 2454 958 2484 et
985 2443 1135 2484 notitia
1167 2442 1257 2485 est?
1318 2442 1365 2485 Si
1396 2441 1536 2494 enim,
1563 2443 1683 2485 verbi

267 2530 406 2538 —o———

377 2585 422 2641 ¹)
453 2586 600 2629 Codex
621 2588 755 2630 sancti
772 2588 1059 2631 Theodorici:
1081 2590 1345 2641 „affafibusf‘
1374 2590 1474 2633 Non
1493 2589 1615 2630 male.
1632 2587 1682 2628 R.

375 2656 421 2711 ²)
453 2656 654 2710 Quatuor
689 2658 788 2701 Mss.
831 2675 937 2710 „nos
983 2660 1198 2710 fatigant.“
1263 2660 1382 2703 Libri
1419 2671 1542 2702 antea
1583 2657 1682 2699 editi

259 2711 320 2768 (v.
353 2729 386 2753 c.
419 2714 513 2754 edd.
544 2714 652 2768 M.):
679 2726 877 2776 „nostros
906 2715 1118 2766 fatigant.“
1151 2717 1201 2758 R.

376 2781 423 2835 3)
453 2783 525 2825 Sic
553 2783 668 2837 Mss„
685 2784 784 2829 libri
807 2801 905 2829 vero
927 2786 1028 2830 editi
1046 2785 1104 2842 (V.
1123 2802 1158 2829 c.
1186 2787 1280 2830 edd.
1311 2787 1419 2844 M.):
1455 2786 1679 2838 „dogmate

258 2838 550 2894 profitemur.“
579 2841 630 2882 R.
