1764 3096
253 104 338 144 202
853 94 1075 136 Omosms

256 215 421 258 animae
460 211 535 252 filii
578 209 651 250 tui.
728 207 1004 249 Sacerdotem
1054 218 1194 247 autem
1236 206 1528 248 immolantem
1570 209 1664 252 Deo

255 311 343 336 non
376 294 496 333 dccet
527 289 641 328 ssere.
704 286 774 326 Vis
805 284 960 334 videre,
990 285 1087 340 quia
1120 283 1295 336 exigitur
1325 285 1408 324 hoc
1439 302 1462 326 a
1493 284 1561 325 te?
1618 286 1667 326 ln

255 368 484 422 Evangelio
523 363 739 407 Dominus
789 362 909 403 dicit:
957 362 1077 416 „si¹)
1126 360 1201 402 filii
1254 362 1470 402 Abraham
1520 363 1667 411 essetis,

256 465 387 505 opera
419 445 565 499 utique
593 438 826 483 Abrahami
864 439 1088 480 faceretis.“
1155 438 1290 487 Ecce,
1330 438 1440 480 istud
1471 451 1529 480 est
1561 456 1668 494 opus

255 522 500 568 Abrahami.
570 519 715 559 Facite
749 533 905 573 opera,
936 534 1043 572 quae
1075 515 1171 556 secit
1204 515 1444 564 Abraham,
1475 517 1545 556 sed
1578 532 1666 556 non

258 621 354 645 cnm
395 597 576 642 tristitia:
623 594 889 648 ‚‚lnilarcm²)
935 594 1046 634 enim
1089 595 1289 635 ‚datorem
1340 592 1473 645 diligit
1511 592 1667 633 Deus.“

253 680 385 743 Quod
417 677 449 717 si
481 687 521 716 et
549 691 623 716 vos
652 685 735 714 tam
768 671 926 728 promti
955 670 1125 720 suc-ritis,
1156 688 1176 710 a
1205 670 1301 711 Deo
1337 669 1500 711 dicetur
1529 671 1667 712 vobis:

253 753 548 810 „adscende-³)
585 751 629 791 in
669 761 823 791 terram
866 750 1091 796 excelsam,
1130 760 1169 788 et
1207 747 1249 788 in
1290 758 1505 795 montem,
1541 763 1666 801 quern

254 836 480 879 ostendero
511 829 626 878 tibi,“
667 839 706 868 et
746 826 804 867 ibi
848 828 958 867 osser
996 825 1099 866 mihi
1140 825 1273 865 filium
1305 836 1437 865 tuum.
1497 824 1594 865 Non
1627 823 1669 864 in

253 909 480 970 profundis
510 920 668 954 terrae,
711 920 789 945 nec
828 903 871 943 in
912 903 1103 943 convalle
1143 903 1282 950 fletus,
1322 903 1393 942 scd
1435 901 1475 942 in
1509 902 1599 942 altis
1630 914 1669 941 et

253 988 419 1032 excelsis
452 983 670 1026 montibus
700 983 810 1022 osser
838 980 972 1021 filiurn
1004 991 1136 1020 tuum.
1197 980 1401 1028 Ostende,
1431 978 1529 1034 quia
1565 980 1669 1019 sudes

253 1070 294 1109 in
328 1063 568 1106 Dominum
598 1058 751 1099 sortior
782 1069 862 1104 est,
906 1072 1033 1110 quam
1066 1057 1200 1098 carn-is
1230 1058 1413 1097 affectus.
1488 1057 1670 1096 Amabat

255 1144 381 1191 enim,
411 1140 560 1194 inquit,
591 1134 807 1176 Abraham
839 1133 953 1172 Isaac
974 1134 1108 1173 filium
1139 1150 1277 1182 suum,
1306 1134 1378 1175 sed
1411 1134 1547 1175 amori
1577 1150 1667 1174 03¹--

253 1221 315 1262 nis
344 1215 545 1274 praetulit
573 1228 764 1252 amorem
795 1208 898 1258 Dei,
932 1221 971 1249 et
1000 1208 1192 1250 inventus
1223 1222 1283 1251 est
1312 1227 1401 1251 non
1432 1210 1474 1251 in
1506 1211 1671 1251 visceri-

252 1302 331 1340 bus
362 1293 518 1341 carnis,
548 1291 623 1332 sed
653 1289 697 1330 iu
728 1286 953 1328 visceribus
987 1285 1163 1334 Christi,
1204 1286 1248 1327 id
1279 1298 1337 1327 est
1365 1287 1410 1327 in
1443 1286 1668 1328 visceribus

251 1373 367 1415 verbi
398 1370 494 1419 Dei,
525 1382 564 1410 et
594 1366 788 1414 veritatis,
817 1376 855 1405 et
882 1363 1124 1419 sapiendae.

365 1452 404 1494 8.
435 1445 662 1498 „Extendit
678 1443 723 1499 ⁴²)
753 1441 906 1498 inquit,
935 1441 1153 1484 Abraham
1172 1458 1348 1482 manum
1371 1459 1503 1492 suam,
1534 1454 1579 1483 ut
1602 1460 1670 1483 ac-

255 1532 413 1586 ciperet
450 1526 658 1579 gladium,
705 1533 746 1562 et
792 1520 1001 1576 jugularet
1037 1519 1171 1559 filium
1212 1535 1347 1560 suum.
1416 1520 1472 1560 Et
1510 1521 1673 1560 vocavit

254 1624 351 1648 eum
382 1604 553 1657 angelus
583 1597 764 1641 Domini
791 1598 844 1637 de
877 1597 1013 1646 coelo,
1046 1608 1082 1637 et
1115 1596 1234 1638 dixit:
1269 1597 1500 1646 Abraham,
1531 1598 1667 1638 Abra-

252 1686 364 1726 ham.
423 1684 478 1723 At
506 1680 578 1720 ille
608 1677 731 1718 dixit:
764 1691 857 1716 ecce
889 1690 980 1726 ego.
1048 1674 1105 1714 Et
1144 1673 1266 1714 dixit:
1306 1691 1360 1715 ne
1388 1673 1547 1730 injicias
1577 1691 1666 1714 ma-

254 1779 356 1803 num
397 1772 513 1800 tuam
556 1771 685 1810 super
726 1768 930 1809 puerum,
977 1767 1118 1805 neque
1167 1749 1294 1791 facias
1343 1751 1380 1791 ei
1427 1752 1667 1806 quiequam.

252 1842 378 1880 Nunc
409 1825 746 1883 enim⁸c0gnovi,
776 1829 875 1885 quia
906 1840 951 1868 tu
980 1827 1101 1868 times
1132 1827 1315 1868 Deum.“
1373 1827 1421 1867 In
1455 1828 1538 1869 hoc
1569 1845 1667 1881 ergo

252 1930 451 1960 sermone
480 1911 586 1952 solet
618 1907 748 1965 objici
779 1905 925 1954 nobis,
967 1907 1086 1960 quod
1122 1904 1240 1945 Deus
1280 1921 1395 1944 nunc
1434 1921 1478 1946 se
1508 1923 1667 1959 cogno-

252 1995 354 2035 visse
386 1990 509 2039 dicat,
539 1985 635 2043 quia
668 1984 885 2025 Abraham
915 1981 1060 2022 timeat
1095 1982 1260 2030 Deum,
1301 1981 1417 2036 quasi
1462 1983 1534 2038 qui
1574 1997 1671 2025 aute

253 2066 520 2124 ignoraverit.
580 2064 749 2106 Sciebat
777 2061 917 2109 Deus,
969 2071 1008 2099 et
1045 2075 1136 2099 non
1168 2075 1264 2099 cum
1306 2058 1481 2109 latebat,
1512 2061 1671 2117 quippe

253 2147 327 2204 qui
367 2144 487 2186 novit
525 2140 670 2183 omnia
711 2150 937 2193 antequam
977 2138 1101 2188 fiant3
1143 2138 1217 2177 sed
1262 2147 1442 2192 propter
1479 2148 1520 2177 te
1567 2139 1669 2180 haec

253 2222 408 2279 scripta
437 2230 555 2262 sunt:
597 2216 694 2272 quia
733 2227 771 2256 et
801 2227 846 2254 tu
879 2212 1092 2254 credidisti
1123 2212 1294 2267 quidem
1326 2213 1447 2262 Deo,
1485 2215 1556 2255 sed
1590 2215 1668 2257 nisi

255 2315 385 2356 opera
416 2294 515 2339 fidei
549 2291 797 2350 expleveris,
836 2289 916 2331 nisi
957 2290 1001 2330 in
1033 2288 1232 2330 omnibus
1268 2290 1503 2345 praeceptis
1542 2290 1665 2332 etiam

255 2373 567 2418 diffici110ribus
596 2370 800 2427 parueris,
829 2368 908 2409 nisi
937 2366 1190 2408 sacrificium
1217 2366 1435 2416 obtuleris,
1466 2378 1505 2408 ct
1526 2380 1667 2409 osten*

255 2453 377 2503 deris,
410 2450 506 2507 quia
537 2465 617 2490 nec
645 2459 831 2504 patrem,
860 2462 937 2486 nee
968 2456 1170 2495 matrem,
1201 2460 1281 2484 nee
1313 2444 1422 2486 filios
1454 2448 1665 2500 praeferas

369 2636 413 2688 ¹)
443 2634 519 2676 Ev.
549 2632 708 2672 Joann.
742 2628 853 2677 Vlll,
882 2629 949 2670 39.

368 2705 414 2759 2)
447 2704 484 2744 ll
517 2702 615 2743 Cor.
648 2700 723 2748 IX,
754 2700 791 2741 7.
824 2698 918 2738 coll.
950 2697 1075 2738 Prov.
1107 2695 1245 2745 XXII,
1275 2694 1313 2738 S.

366 2776 413 2827 ³)
447 2773 597 2814 Genes.
627 2769 767 2820 XXII,
795 2770 836 2810 2.

366 2843 412 2898 ⁴)
445 2843 597 2885 Gencs.
629 2840 768 2892 XXII,
799 2842 861 2885 10.
895 2840 961 2884 11.
994 2837 1060 2880 12.
