1764 3096
254 114 340 157 270
857 111 1078 155 OmGEms

257 241 360 265 num
392 225 537 266 Jesum
572 224 808 274 Christum,
858 225 986 283 cui¹)
1027 238 1085 268 est
1124 226 1256 278 gloria
1296 237 1334 267 et
1372 226 1600 282 imperium
1632 227 1674 269 in

255 304 420 344 saecula
452 304 733 346 saeculorum.
792 304 942 344 Arnen.

666 763 1090 806 HOMILIA
1149 764 1266 806 XVI.

259 874 325 915 De
357 891 421 924 eo,
453 877 569 930 quod
601 877 804 932 scriptum
826 889 908 918 est:
935 878 1063 933 „et²)
1081 877 1296 934 acquisivit
1315 876 1477 933 Joseph
1505 893 1675 918 omnem

256 964 408 992 terram
445 952 750 1011 Aegyptiorum
794 954 1033 996 Pharaoni:
1073 957 1358 997 vendiderunt
1398 956 1511 996 enim
1543 957 1679 1012 Aegy-

255 1029 329 1084 ptii
360 1041 517 1069 terram
547 1046 663 1070 suam
697 1030 935 1080 Pharaoni,
976 1032 1073 1086 quia
1105 1034 1290 1075 obtinuit
1321 1049 1392 1074 eos
1424 1034 1566 1073 fames.
1624 1032 1681 1071 Et

254 1106 363 1147 sacta
395 1118 454 1146 cst
482 1119 591 1147 terra
625 1106 885 1156 Pharaonis,
925 1120 964 1148 et
992 1111 1203 1164 populum
1244 1110 1323 1151 sibi
1362 1110 1407 1150 in
1437 1109 1677 1151 servitutem

366 1183 539 1235 redegit,
572 1201 593 1225 a
624 1185 799 1226 summis
828 1185 983 1227 finibus
1007 1187 1181 1244 Aegypti
1201 1203 1335 1242 usque
1365 1187 1418 1227 ad
1448 1203 1564 1228 sum-

775 1279 870 1303 mos
901 1264 1004 1304 fines
1035 1262 1163 1321 ejus.“

368 1360 406 1401 1.
438 1361 686 1402 Secundum
707 1361 954 1416 Scripturae
984 1362 1114 1402 fidem
1146 1361 1287 1402 nullus
1308 1360 1533 1418 Aegyptius
1557 1360 1680 1404 liber.

254 1438 421 1478 Pharao
455 1437 568 1478 enim
598 1440 811 1494 populum
843 1439 922 1480 sibi
953 1439 998 1480 in
1028 1439 1268 1481 servitutem
1289 1438 1463 1490 redegit,
1491 1453 1572 1478 nec
1603 1437 1679 1478 ali-

255 1532 379 1570 quem
411 1516 519 1556 intra
550 1517 858 1571 Aegyptiorum
898 1517 1001 1558 fines
1039 1517 1222 1557 liberum
1255 1515 1504 1571 dereliquit,
1532 1517 1606 1556 sed
1635 1514 1679 1555 in

255 1591 374 1632 omni
411 1603 522 1632 terra
566 1593 742 1651 Aegypti
783 1595 949 1635 ademta
993 1595 1164 1635 libertas
1207 1605 1275 1635 est.
1345 1593 1402 1634 Et
1446 1605 1679 1648 propterea

253 1668 362 1708 forte
393 1669 596 1723 scriptum
629 1682 709 1711 est:
740 1672 857 1724 „Ego
875 1672 920 1727 3)
949 1689 1041 1713 sum
1076 1671 1290 1713 Dominus
1319 1671 1437 1712 Deus
1467 1683 1576 1719 tuus,
1606 1671 1678 1725 qui

256 1744 442 1799 edux14)
474 1757 514 1785 te
544 1747 596 1787 de
626 1758 737 1789 terra
769 1749 962 1806 Aegypti,
994 1751 1047 1789 de
1078 1750 1210 1789 domo
1242 1748 1486 1789 servitutis.“
1546 1747 1678 1789 Facta

255 1833 313 1861 est
344 1837 442 1872 ergo
475 1825 686 1881 Aegyptus
718 1826 872 1868 (lomus
901 1826 1117 1875 servitutis,
1150 1838 1190 1867 et
1219 1827 1337 1881 quod
1368 1836 1426 1865 est
1456 1824 1679 1874 infelicius,

252 1900 515 1940 voluntariae
544 1901 760 1944 servitutis.
827 1904 937 1944 Nam
979 1905 1032 1944 de
1062 1903 1267 1944 Hebraeis
1299 1903 1488 1958 quamvis
1517 1903 1675 1942 refera—

251 1987 332 2024 tur,
351 1976 395 2030 ⁵)
427 1980 545 2032 quod
561 1978 605 2034 5)
635 1980 680 2020 in
708 1980 949 2022 servitutem
980 1981 1140 2022 redacti
1169 1981 1271 2030 sint,
1303 1991 1342 2019 et
1382 1979 1500 2034 quod
1530 1977 1675 2035 jugum

253 2053 557 2096 dominationis
589 2068 730 2112 erepta
763 2057 954 2099 libertate
983 2058 1258 2114 pertulerint,
1296 2058 1505 2098 violenter
1533 2069 1676 2096 tamen

253 2131 306 2171 ad
339 2131 421 2172 hoc
451 2134 807 2190 memoramur7)
839 2135 1024 2177 adducti.
1085 2136 1300 2191 Scriptum
1334 2146 1392 2177 est
1422 2133 1547 2183 enim,
1579 2134 1676 2189 quia

370 2336 414 2388 ¹)
446 2336 559 2378 Alias
590 2336 650 2393 (v,
683 2355 716 2379 c.
746 2339 791 2379 in
822 2340 916 2380 edd.
948 2338 1055 2394 M.):
1086 2338 1181 2389 „cui
1212 2338 1346 2391 gloria
1378 2349 1449 2388 est,
1482 2350 1521 2378 et
1549 2350 1673 2394 pote-

251 2402 329 2432 stas
360 2392 401 2433 in
432 2394 625 2434 saecula“
656 2406 731 2436 etc.
764 2397 813 2436 R.

367 2463 413 2517 2)
446 2463 599 2505 Genes.
632 2465 806 2515 XLVII,
835 2468 902 2508 20.
932 2466 1000 2507 21.
1117 2464 1163 2520 3)
1194 2464 1330 2506 Exod.
1361 2464 1461 2516 XX,
1489 2467 1529 2507 2.

367 2532 413 2588 4)
445 2534 557 2575 Edd.
588 2533 784 2576 Mer-lini:
816 2535 957 2577 eduxit
986 2548 1025 2577 te
1056 2549 1134 2582 etc.

367 2605 411 2658 ⁵)
446 2605 560 2646 Alias
590 2604 649 2659 (v.
682 2622 714 2645 c.
743 2606 788 2646 in
819 2608 914 2648 edd.
942 2606 1046 2661 Μ.);
1078 2609 1307 2658 ,‚legatur.“
1340 2605 1389 2648 R.

365 2674 411 2728 6)
440 2674 551 2716 Edd.
582 2674 777 2718 Merlini:
821 2676 919 2732 quia
958 2701 1013 2708 —
1051 2676 1211 2718 redacti
1251 2688 1370 2727 sunt,
1403 2688 1442 2717 et
1473 2676 1574 2732 quia
1603 2675 1669 2732 ju-

248 2746 345 2782 gum
377 2742 452 2773 etc.

364 2800 411 2855 ⁷)
438 2801 559 2843 Mss.:
590 2816 912 2852 „memorantur
931 2804 1145 2848 adducti.“
1173 2804 1290 2847 Editi
1311 2805 1369 2861 (v.
1393 2822 1426 2846 c.
1447 2803 1542 2845 edd.
1556 2802 1665 2857 M.):

245 2870 567 2909 „memorantur
595 2860 792 2902 addicti.“
822 2861 870 2901 R.
