1764 3096
266 78 321 122 16
653 91 709 120 Ex
753 79 972 122 OmGEms
1000 92 1047 123 m
1089 81 1286 124 Gnmzsm

264 191 577 250 προσδέξομαί
604 191 705 234 σε.“
761 194 934 250 Σαφῶς
961 192 1050 253 γὰρ
1084 196 1161 237 καὶ
1191 194 1241 238 ἐκ
1271 192 1443 240 τούτων
1471 195 1675 252 δεδήλω-

265 285 357 322 ται,
404 265 470 311 ὅτι
500 266 576 311 διὰ
608 266 688 311 τὸν
716 267 850 324 λαὸν,
895 266 949 313 ὃν
979 272 1329 330 εὐεργέτησενῑ)
1377 271 1400 316 6
1432 275 1606 333 Κῦρος,
1649 273 1673 318 ὁ

264 344 371 394 θεὸς
397 344 461 403 μὴ
490 343 603 402 γινώ
616 360 769 389 σκοντι
796 345 919 402 αὐτῷ
939 346 1021 403 τὴν
1038 348 1130 392 κατ’
1161 347 1394 409 Ἑβραίους
1411 355 1676 406 θεοσέβειαν

264 421 522 479 ἐδωρήσατο
554 423 704 465 ἒθ-νῶν
732 420 957 467 πλειόνων
985 421 1130 481 ι’ἱρξαιῖ“
1172 429 1249 469 καὶ
1288 428 1382 470 ἔστι
1411 429 1551 470 ταῦτα
1579 444 1676 486 μα-

262 506 366 544 θεῖν
396 503 471 543 καὶ
503 497 594 542 ἀπὸ
635 502 724 542 τῶν
741 500 786 555 ²)
823 498 1051 556 Ἑλλήνων
1090 504 1178 545 τῶν
1221 501 1592 561 ἀναγραψάντων
1621 503 1676 548 τὰ

263 579 368 632 περὶ
396 575 475 621 τὸν
503 581 876 634 προῳητευῧ-έντα
906 581 1078 637 Κῦρον.
1099 578 1146 634 ³)
1207 574 1305 623 ”Eu
1335 581 1386 624 δὲ
1425 584 1502 624 καὶ
1533 583 1583 625 ἐν
1611 584 1674 638 τῷ

262 653 450 710 Δανιὴλ,
482 657 790 710 Βαβυλωνίων
819 652 1152 710 βασιλευόντων
1180 654 1304 712 τότε,
1337 660 1399 714 τῷ
1430 663 1676 715 Ναβουχο-

262 728 457 789 δονόσορ
495 732 751 775 δείκνυνται
791 735 838 774 αἱ
880 730 1095 793 ἐσόμεναι
1132 737 1355 789 βασιλεῖαι
1391 734 1483 791 μετ’
1519 734 1671 780 αὐτόν.

259 811 530 853 Δείκνυνται
559 809 609 853 δὲ
639 807 715 852 διὰ
748 812 822 864 τῆς
852 807 1040 861 εἰκόνος·
1066 815 1260 869 χρυσίου
1295 811 1384 868 μὲν
1413 814 1488 865 τῆς
1515 817 1674 867 Βαβυ-

260 888 439 930 λωνίων
469 885 608 942 ἀρχῆς
639 885 997 945 ὀνομαζομένης,
1032 890 1252 948 ἀργυρίου
1283 889 1333 932 δὲ
1361 891 1437 944 τῆς
1464 892 1672 949 Περσῶν,

252 966 429 1020 χαλκοῦ
461 964 511 1006 δὲ
541 966 618 1018 τῆς
647 962 958 1017 ῘῑνῙακεδόνων,
1007 962 1195 1020 σιδήρου
1242 966 1290 1010 δὲ
1322 969 1398 1021 τῆς
1423 965 1671 1023 Ῥωμαίων.

256 1043 348 1082 Καὶ
379 1038 520 1083 πάλιν
549 1041 598 1085 ἐν
629 1044 689 1097 τῷ
721 1041 840 1098 αὐτῷ
870 1040 1079 1103 προφήτῃ
1110 1041 1164 1086 τὰ
1195 1046 1301 1102 περὶ
1330 1047 1553 1101 Δαρεῖον,
1595 1046 1675 1086 καὶ

254 1116 573 1177 Ἀλέξανδρον,
619 1123 695 1162 καὶ
726 1118 829 1168 τοὺς
856 1123 1074 1179 τέσσαρας
1105 1118 1350 1177 διαδόχους
1374 1119 1672 1178 Ἀλεξάνδρου

258 1197 336 1238 τοῦ
368 1192 658 1239 Μακεδόνων
685 1200 915 1252 βασιλέως,
948 1200 1025 1240 καὶ
1052 1201 1344 1255 Πτολεμαῖον
1370 1198 1450 1243 τὸν
1479 1197 1554 1254 τὴς
1580 1202 1671 1241 Αἷ-

255 1269 434 1328 γύπτου
474 1268 694 1329 ἄρξαντα,
737 1272 818 1317 τὸν
860 1272 1222 1331 ἐπικαλούμενον
1258 1272 1515 1331 Λάγου,4)
1554 1272 1669 1319 οὕτω

255 1346 601 1406 προφητεύεται·
641 1350 812 1406 ,,καὶ5)
851 1348 954 1394 ἰδοὺ
991 1348 1158 1409 τράγος
1196 1354 1340 1408 αἰγῶν
1378 1347 1538 1410 ἤρχετο
1579 1349 1669 1395 ἀπὸ

255 1426 390 1481 λιβὸς,
424 1426 502 1470 ἐπὶ
529 1423 781 1487 πρόσωπον
815 1425 964 1482 πάσης
990 1428 1126 1484 τῆς-6)
1165 1430 1263 1484 γῆς·
1302 1430 1380 1471 καὶ
1417 1431 1479 1484 τῷ
1519 1425 1671 1489 τράγῳ

254 1502 443 1559 κέραςῚ)
474 1501 564 1547 ἀνὰ
592 1507 737 1559 μέσον
765 1506 858 1548 τῶν
893 1504 1167 1562 ὀφθαλμῶν.
1185 1505 1232 1560 ⁸)
1289 1508 1382 1548 Καὶ
1421 1496 1561 1560 ἦλθεν
1589 1505 1672 1556 ἕως

372 1714 417 1770 ¹)
447 1713 620 1756 Eusebii
657 1725 809 1756 textus:
851 1713 1190 1785 ,,εὐεργε’τηε,,σεν
1235 1713 1257 1757 6
1300 1713 1452 1785 κύριος
1483 1714 1505 1758 6
1536 1713 1668 1765 aad&

252 1787 279 1815 κ
284 1774 362 1827 τλ.,
398 1773 492 1812 edd.
526 1771 693 1812 Huetii:
725 1804 752 1824 ‚
743 1770 1046 1829 εὐεργέτησεν
1076 1769 1098 1814 6
1128 1770 1302 1831 κύριος,
1348 1772 1370 1815 6
1402 1770 1542 1821 θεός“
1571 1776 1663 1816 κτλ.

369 1841 415 1894 ²)
446 1841 576 1882 Deest
603 1843 694 1883 τῶν
723 1841 768 1881 in
799 1842 891 1882 edd.
924 1841 1131 1883 Philocal.

369 1909 415 1965 3)
447 1911 576 1951 Recte
606 1911 663 1951 sic
697 1911 824 1952 habet
855 1910 1112 1961 Philocali33
1141 1911 1280 1953 minus
1310 1914 1420 1953 bene
1441 1913 1556 1976 apud
1576 1911 1664 1952 Eu·-

251 1968 336 2009 scb.
367 1967 435 2021 (in
466 1978 592 2016 textu,
620 1968 807 2022 itemque
846 1968 891 2008 in
933 1969 1026 2009 edd.
1066 1966 1144 2020 Η.)
1186 1968 1356 2018 legitur:
1398 1965 1567 2027 κύριον.
1611 1969 1663 2008 R.

253 2048 305 2055 —
350 2024 526 2074 Vigerus
580 2023 625 2064 in
675 2023 785 2064 notis
835 2025 889 2064 ad
943 2024 1176 2075 marginem
1237 2025 1402 2080 positis:
1457 2010 1663 2075 „fortasse

249 2082 446 2136 Κῦρον.“

365 2148 410 2204 ⁴)
441 2149 608 2197 Euseb„
637 2147 822 2204 itemque
853 2150 946 2191 edd
981 2149 1035 2197 H
1068 2162 1107 2191 et
1137 2150 1188 2195 Ρι.
1215 2151 1259 2191 in
1281 2161 1415 2191 textu.
1447 2147 1662 2214 ,,Λαγών,

252 2203 366 2248 ου’τω
398 2208 485 2247 κτλ.
498 2237 509 2254 ,
547 2180 641 2247 ed'd.
680 2221 779 2245 vero
818 2204 1298 2273 ΡῑιίΙοο31.,,Λάγον.“
1327 2231 1382 2237 -
1412 2206 1586 2258 Vigerus
1614 2224 1660 2247 m

247 2262 360 2303 notis
391 2264 444 2303 ad
475 2262 726 2302 Eusebium:
757 2277 945 2316 „repone
972 2260 1143 2318 Αίαγώ,
1177 2264 1242 2303 vel
1272 2265 1451 2318 Λαγοῦ.
1511 2262 1659 2303 Dictus

249 2320 363 2359 enim
395 2330 452 2360 est
481 2317 752 2358 Ptolomaeus
782 2334 872 2358 non
900 2317 1048 2368 Lagus,
1075 2320 1149 2360 sed
1178 2319 1290 2370 Lagi,
1319 2336 1410 2374 sup.
1441 2318 1562 2359 filius.
1566 2324 1657 2350 “—

235 2374 340 2415 Ῥι.
327 2392 371 2416 m
402 2386 536 2415 notls:
565 2374 864 2423 „scribendum
895 2373 1058 2416 videtur
1084 2371 1264 2430 Λάγου,
1295 2375 1358 2416 vel
1385 2371 1546 2431 Λαγω.
1551 2379 1574 2398 “

363 2443 410 2500 ⁵)
440 2445 550 2485 Dan.
580 2444 693 2493 VIII,
720 2445 809 2485 5—
822 2444 859 2486 9-

337 2513 408 2566 ὅ)
436 2514 567 2555 Ι.ΧΧ.
596 2513 859 2569 interpretes:
890 2517 966 2569 τῆς
994 2517 1136 2571 γῆς,
1147 2516 1224 2558 καὶ
1253 2513 1334 2558 οὐκ
1362 2507 1421 2569 ἦν
1450 2511 1657 2573 ἁπτόμε-

246 2584 323 2618 νος
350 2572 426 2624 τῆς
454 2572 552 2625 γῆς·
583 2573 659 2613 καὶ
687 2572 748 2625 τῷ
782 2572 873 2612 κτλ.

362 2637 408 2693 ⁷)
438 2638 569 2679 LXX.
607 2637 703 2680 viri:
750 2642 906 2695 ,,κε’ρας
933 2642 1078 2696 μέσον
1105 2641 1228 2683 τῶν“
1260 2644 1381 2696 κτλ.,
1421 2639 1652 2682 Eusebius·

245 2696 409 2749 „Agens
440 2692 527 2737 ἀντὶ
554 2693 668 2764 μετὰ
699 2697 822 2737 τῶνίζ
853 2698 946 2738 κτλ.
936 2727 971 2775 ’cc'
996 2698 1092 2738 edd.
1109 2696 1312 2740 Philocal.
1341 2699 1508 2754 ,,κέρας
1535 2696 1651 2741 ἀνα-

243 2753 389 2807 μέσον
417 2752 532 2805 (non
563 2748 818 2807 ἀνάμεσον)
849 2754 971 2796 τῶνί
1002 2755 1094 2795 κτλ.

360 2819 406 2874 ⁸)
436 2820 566 2864 LXX.
594 2822 859 2878 interpretes:
893 2821 1151 2880 ὀφθαλμῶν
1182 2820 1337 2866 αὐτοῦ.
