1764 3096
444 122 492 152 m
523 108 724 152 GENEsm
753 106 954 151 HoMmA
972 109 1087 152 XVI.
1397 112 1481 155 277

62 223 273 264 divertant
302 223 355 262 ad
387 238 441 271 se,
470 223 544 263 sed
574 222 607 263 si
639 220 710 276 qui
739 233 856 271 sunt,
886 222 1034 278 inquit,
1064 223 1215 278 inopes
1245 237 1380 271 sensu,
1409 238 1478 262 ve-

50 300 171 340 niant
201 301 254 340 ad
286 315 377 348 me,
417 299 461 340 id
495 309 576 346 est,
617 298 649 339 si
682 298 753 352 qui
794 310 890 339 sunt
929 299 1108 340 humiles
1152 299 1305 348 corde,
1348 299 1419 353 qui
1453 317 1475 339 a

54 376 222 416 Christo
257 375 558 429 didicerunt¹)
591 374 709 414 mites
754 390 838 415 esse
881 387 918 416 et
957 376 1140 424 humiles
1172 377 1322 424 corde,
1355 378 1471 430 quod

51 452 150 493 alibi
183 452 337 494 dicitur
365 452 514 509 spiritu
546 466 768 506 pauperes,
797 454 869 492 scd
902 453 986 492 fide
1018 451 1186 501 divites,
1216 451 1282 493 isti
1314 469 1469 493 conve-

46 529 165 569 niant
196 531 248 569 ad
279 531 424 585 epulas
453 528 704 584 sapientiae,
737 539 776 567 et
807 528 988 583 dapibus
1032 527 1118 583 ejus
1148 528 1291 570 refecti
1324 530 1470 583 depel-

45 605 134 645 lant
164 607 331 655 famem,
354 596 471 661 vquae
501 603 716 645 invalescit
746 621 873 660 super
903 617 1070 647 terram.
1130 605 1240 646 Vide
1271 622 1384 658 ergo,
1413 621 1467 645 ne

46 693 86 721 et
116 693 161 721 tu
187 683 300 723 sorte
328 680 552 722 inveniaris
585 680 824 737 Aegyptius,
854 694 892 722 et
929 682 1118 723 obtineat
1149 694 1187 738 [ς
1218 684 1372 731 fames,
1412 699 1465 722 ne

10 758 13 761 ’
40 758 151 797 forte
180 757 335 798 saeculi
372 757 533 797 actibus
566 769 809 812 occupatus,
841 770 911 798 aut
941 758 1137 799 avaritiae
1166 759 1339 799 vinculis
1369 760 1465 800 stri-

41 845 152 883 ctus,
185 845 255 874 aut
284 832 472 874 luxuriae
503 833 710 874 effusione
745 835 974 883 resolutus,
1015 834 1175 875 alienus
1217 835 1408 875 efficiaris
1440 853 1463 875 a

40 909 270 965 sapientiae
303 909 430 959 cibis,
470 910 541 965 qui
573 927 742 965 semper
782 910 825 950 in
855 909 940 952 Dei
980 911 1160 952 ecclesiis
1201 912 1461 952 exhibentur.

41 985 87 1026 Si
117 985 229 1026 enim
263 998 420 1027 avertas
452 987 641 1027 auditum
676 988 727 1027 ab
751 986 824 1036 his,
859 1004 966 1042 quae
996 989 1060 1028 vel
1090 989 1286 1040 leguntur
1315 987 1356 1028 in
1391 1004 1459 1027 ec-

41 1063 177 1113 clesia,
210 1063 275 1103 vel
308 1063 593 1118 disputantur,
623 1065 712 1106 sine
744 1065 876 1104 dubio
919 1067 1077 1112 samem
1114 1063 1232 1104 verbi
1262 1063 1345 1104 Dei
1384 1080 1461 1118 pa-

35 1139 160 1182 tieris.
221 1140 266 1181 Si
296 1157 395 1180 vero
429 1142 481 1181 de
503 1140 718 1180 Abraham
753 1140 882 1195 stirpe
914 1142 1156 1190 descendas,
1188 1151 1228 1180 et
1254 1139 1457 1180 nobilita—

34 1228 118 1258 tem
150 1216 364 1257 Israelitici
395 1215 555 1267 generis
589 1216 811 1265 custodias,
842 1216 975 1271 pascit
1004 1229 1044 1257 te
1076 1234 1243 1272 semper
1271 1218 1350 1264 lex,
1379 1234 1456 1272 pa-

30 1305 154 1335 scunt
182 1292 432 1348 prophetae,
465 1292 660 1333 exhibent
698 1294 774 1334 tibi
804 1304 844 1333 ct
873 1292 1071 1348 Apostoli
1118 1295 1319 1349 opulenta
1353 1310 1457 1334 con-

31 1369 149 1412 vivia.
207 1370 256 1410 In
284 1369 442 1411 sinibus
474 1385 645 1424 quoque
676 1370 909 1419 Abraham,
940 1381 978 1410 et
1006 1370 1133 1419 Isaac,
1165 1381 1202 1411 et
1229 1371 1379 1418 Jacob,
1408 1370 1453 1410 in

30 1463 160 1498 regno
201 1446 332 1501 patris
371 1446 619 1486 recumbere
657 1457 698 1486 te
735 1445 974 1487 invitabunt
1017 1446 1270 1497 Evangelia,
1310 1457 1356 1486 ut
1392 1445 1452 1486 ibi

29 1524 259 1564 manduces
291 1523 344 1562 de
373 1521 487 1573 ligno
520 1522 637 1571 vitae,
669 1534 708 1562 et
736 1523 855 1564 bibas
886 1523 1029 1564 vinum
1060 1525 1112 1563 de
1142 1523 1222 1563 'vite
1253 1539 1361 1571 vera,
1389 1523 1449 1562 vi'ss

29 1617 134 1640 num
165 1616 325 1639 novum
360 1615 454 1639 cum
489 1598 657 1640 Christo
699 1598 744 1639 in
783 1616 912 1652 regno
952 1599 1081 1654 patris
1121 1599 1220 1656 ejus.
1288 1601 1354 1639 Ab
1388 1600 1449 1640 his

30 1677 142 1717 enim
185 1676 288 1716 cibis
325 1692 414 1715 non
454 1687 632 1730 possunt
670 1673 883 1731 jejunare,
932 1692 1011 1716 nec
1052 1677 1207 1718 samem
1248 1676 1334 1731 pati
1371 1674 1448 1716 filii

29 1753 186 1809 sponsi,
218 1753 355 1793 donec
388 1768 482 1793 cum
515 1752 612 1806 ipsis
645 1741 702 1792 est
731 1768 921 1806 sponsus.

137 1831 177 1871 5.
206 1828 404 1870 Refertur
442 1844 541 1869 sane
581 1828 624 1868 in
661 1828 1085 1883 consequentibus,²)
1127 1827 1304 1884 quod³3
1335 1839 1446 1867 terra

25 1907 292 1947 sacerdotum
338 1904 643 1961 Aegyptiorum
693 1921 781 1945 non
819 1905 870 1946 sit
911 1905 955 1945 in
993 1906 1233 1946 servitutem
1277 1905 1445 1943 redacta

25 1981 265 2030 Pharaoni,
294 1997 432 2034 neque
464 1996 559 2021 cum
602 1981 747 2022 ceteris
780 1982 989 2037 Aegyptiis
1021 1979 1286 2021 vendiderint
1315 1992 1446 2020 semet

25 2059 160 2113 ipsos,
199 2057 272 2098 sed
312 2057 429 2110 quod
445 2056 489 2108 ⁴)
529 2057 778 2097 extrinsecus
818 2057 1078 2111 acceperint,
1118 2058 1179 2096 vel
1218 2058 1444 2105 frumenta,

24 2137 89 2175 vel
119 2150 310 2181 munera,
338 2150 427 2172 non
460 2150 480 2172 a
511 2134 685 2188 Joseph,
715 2134 786 2174 sed
822 2134 983 2189 abipso
1003 2133 1242 2180 Pharaone,
1273 2145 1312 2172 et
1337 2149 1440 2187 pro-

23 2225 130 2269 pter>
156 2212 239 2251 hoc
283 2221 486 2264 tanquam
527 2209 818 2251 familiariores
850 2210 1006 2259 ceteris,
1045 2226 1135 2250 non
1177 2208 1443 2249 vendiderint

4 2301 180 2330 ,terram
212 2303 335 2328 suam
366 2286 602 2327 Pharaoni:
634 2287 708 2328 sed
738 2303 814 2342 per
847 2286 930 2327 hoc
961 2286 1188 2341 nequiores
1219 2301 1302 2327 esse
1334 2298 1442 2326 cete-

24 2366 79 2407 ris
112 2365 403 2413 ostenduntur,
436 2362 508 2418 qui
539 2380 618 2419 pro
649 2364 781 2405 nimia
811 2363 1108 2413 familiaritate,
1139 2379 1244 2418 quac
1277 2374 1362 2402 erat
1391 2362 1440 2402 iis

25 2459 122 2483 cum
154 2440 387 2490 Pharaone,
418 2441 523 2482 nihil
552 2441 860 2482 immutationis
890 2438 1118 2494 recipiunt,
1158 2440 1231 2480 sed
1271 2454 1438 2493 perma-

24 2529 129 2560 nent
157 2517 201 2558 in
231 2518 343 2558 mala
372 2518 654 2573 possessione:
687 2531 726 2559 et
754 2517 862 2560 sieut
891 2516 967 2565 his,
999 2516 1071 2571 qui
1098 2515 1139 2556 in
1169 2515 1251 2556 fide
1272 2527 1310 2555 et
1339 2532 1435 2557 san-

139 2697 185 2754 ¹)
222 2698 308 2738 Csr.
340 2698 485 2740 Matth.
517 2699 566 2740 V.
685 2698 730 2753 ²)
764 2698 849 2740 Cfr.
883 2699 1033 2741 Genes.
1063 2695 1234 2744 XLVII,
1264 2697 1330 2738 22.

136 2768 184 2822 ³)
214 2767 324 2808 Edd.
352 2767 546 2809 Merlini:
578 2768 792 2822 quoniam.

139 2836 187 2891 ⁴¹)
217 2836 328 2879 Edd.
357 2836 551 2881 Merlini:
589 2838 701 2893 quia.
