1764 3096
263 122 344 169 114
865 116 1088 160 OmGEms

263 236 304 277 iu
338 233 486 286 cordis,
508 233 641 275 nostri
673 233 809 274 coelo.
878 231 1022 274 Moses
1061 230 1180 272 stella
1222 240 1279 271 est
1322 227 1365 270 in
1396 228 1542 279 nobis,
1588 245 1694 285 quae

264 314 377 354 lucet
407 323 446 352 et
476 310 689 352 illuminat
723 326 802 350 nos
835 309 998 351 actibus
1026 308 1121 351 suis.
1194 306 1249 348 Et
1284 306 1522 355 Abraham,
1564 305 1696 356 Isaac,

265 400 308 431 et
336 389 501 438 Jacob,
533 398 572 428 et
601 386 768 435 Esaias,
798 397 837 426 et
868 385 1125 435 Hieremias,
1157 396 1195 426 et
1225 382 1443 432 Ezechiel,
1473 395 1513 424 ct
1541 383 1696 434 David,

265 477 306 506 et
335 465 512 506 Daniel:
544 476 582 505 et
616 479 776 513 omnes,
810 463 962 519 quibus
991 462 1200 518 scriptura
1230 472 1374 502 sancta
1405 462 1694 502 testimonium

265 543 395 593 dedit,
425 543 522 598 quia
554 540 793 597 placuerint
823 541 933 581 Deo.
983 540 1101 581 Sicut
1125 538 1240 580 cuim
1266 539 1408 588 „stella
1431 539 1471 593 ¹)
1500 541 1552 578 ab
1575 539 1694 580 stella

266 622 408 662 differt
441 619 483 660 in
517 618 752 660 claritatc:“
789 617 847 660 ita
881 619 1004 659 etiam
1034 628 1280 658 sanctorum
1311 616 1602 671 unusquisque
1631 632 1695 656 se-

267 698 458 738 cundum
491 694 827 746 magnitudinem
858 711 976 737 suam
1018 696 1161 735 lumen
1202 710 1325 734 suum
1358 694 1498 734 fundit
1527 692 1569 733 in
1602 710 1692 733 nos.

265 774 386 816 Sicut
415 772 617 827 autem2)
647 773 712 814 sol
745 783 785 813 et
814 773 914 813 luna
949 771 1192 812 illuminant
1226 786 1410 826 corpora
1441 781 1605 811 nostra:
1638 770 1692 810 ita

266 864 306 893 et
345 867 368 893 a
400 849 570 891 Christo
603 861 729 905 atque
771 848 945 889 ecclesia
985 848 1282 889 illuminantur
1322 857 1483 887 mentes
1513 858 1694 887 nostrae.

263 929 327 971 Ita
365 940 506 970 tamen
561 925 879 975 illuminamur,
925 926 957 966 si
1007 942 1095 966 non
1146 923 1274 966 simus
1309 922 1522 964 mentibus
1569 922 1695 963 caeci.

265 1007 376 1047 Nam
407 1004 513 1046 sicut
541 1004 605 1044 sol
637 1014 676 1043 et
705 1003 807 1043 luna
839 1001 1138 1057 corporalibus
1185 1002 1318 1043 oculis
1362 1017 1511 1043 caecos
1545 1016 1694 1055 quam-

265 1082 324 1123 vis
354 1081 583 1128 illustrent,
611 1079 674 1121 illi
706 1090 850 1119 tamen
880 1078 1070 1134 recipere
1100 1080 1244 1120 lumen
1275 1095 1365 1119 non
1398 1090 1601 1134 possunt,
1639 1078 1694 1118 ita

268 1170 308 1199 et
339 1157 527 1199 Christus
557 1157 696 1197 lucem
728 1171 845 1197 suam
876 1167 1060 1211 praestat
1090 1156 1303 1196 mentibus
1323 1155 1501 1196 nostris:
1532 1157 1605 1196 scd
1639 1154 1693 1196 ita

269 1237 441 1278 demum
482 1250 560 1283 nos
596 1231 876 1282 illuminabit,
929 1233 962 1274 si
1002 1247 1274 1287 nequaquam
1328 1233 1504 1273 caecitas
1544 1233 1696 1274 mentis

266 1311 485 1368 impediat.
557 1309 692 1364 Quod
730 1307 889 1349 etiamsi
930 1308 1154 1362 accidat3)
1193 1308 1359 1362 primo,
1407 1321 1579 1364 oportet
1611 1326 1695 1359 cos,

268 1389 342 1446 qui
387 1386 500 1430 caeci
541 1397 664 1436 sunt,
712 1386 830 1441 sequi
865 1385 1104 1434 Christum,
1146 1384 1332 1427 dicentes
1374 1396 1414 1426 et
1451 1387 1693 1428 clamantes:

266 1466 491 1517 „miserere
507 1462 552 1519 ⁴)
582 1463 732 1513 nobis,
780 1463 839 1504 fili
869 1463 1059 1504 David:“
1096 1473 1142 1503 ut
1179 1463 1305 1504 etiam
1347 1463 1479 1505 visum
1513 1465 1564 1504 ab
1599 1464 1694 1519 ipso

269 1543 536 1599 recipientes,
573 1540 736 1596 possint
778 1540 978 1596 deinceps
1025 1552 1064 1581 et
1098 1528 1205 1581 lucis
1248 1539 1337 1595 ejus
1366 1542 1597 1596 splendore
1626 1558 1695 1582 ra-

272 1620 391 1662 diari.
448 1619 609 1659 Verum
640 1634 733 1659 non
762 1604 993 1674 aequaliter
1023 1633 1196 1666 omnes,
1230 1616 1302 1672 qui
1337 1617 1505 1668 vident,
1535 1619 1695 1659 illurni-
1758 1618 1762 1624 “

267 1708 425 1739 nantur
455 1712 478 1737 a
511 1694 705 1745 Christo,
743 1696 817 1736 sed
858 1693 1012 1746 singuli
1052 1694 1289 1735 secundum
1330 1710 1420 1736 eam
1453 1712 1695 1737 mensuram

265 1772 585 1822 illuminantur,
625 1771 821 1828 qua‘vim
853 1771 1024 1813 luminis
1054 1770 1245 1826 recipere
1275 1771 1430 1814 valent.
1506 1771 1562 1815 Et
1590 1772 1698 1814 sicut

265 1867 360 1892 non
389 1847 621 1904 aequaliter
665 1848 781 1890 oculi
821 1848 1015 1904 corporis
1044 1848 1180 1889 nostri
1209 1847 1508 1890 illuminantur
1539 1867 1560 1888 a
1592 1850 1695 1898 sole,

266 1928 341 1969 sed
373 1937 533 1982 quanto
567 1925 658 1982 quis
687 1925 731 1966 in
761 1925 858 1966 loca
891 1926 1040 1966 altiora
1072 1924 1380 1974 conscenderit,
1419 1937 1457 1965 et
1489 1937 1629 1967 ortum
1649 1925 1694 1981 ⁵)

269 2002 357 2061 ejus
388 2002 576 2044 editioris
606 2003 803 2059 speculae
822 2001 1046 2043 intuitione
1069 2002 1197 2043 fuerit
1222 2003 1547 2058 contemplatus,
1576 2015 1694 2045 tanto
1750 2001 1764 2026 ·'

266 2080 450 2137 amplius
492 2091 533 2121 et
571 2078 812 2136 splendoris
853 2077 941 2136 ejus
984 2079 1067 2120 vim
1110 2079 1319 2136 percipiet
1358 2092 1397 2121 et
1437 2080 1609 2121 caloris:
1639 2081 1695 2122 ita
1758 2062 1764 2074 Ι

267 2157 393 2199 etiam
429 2173 548 2198 mens
593 2167 740 2198 nostra
779 2167 939 2212 quanto
980 2156 1102 2199 altius
1142 2170 1181 2198 et
1220 2157 1418 2199 excelsius
1456 2158 1693 2213 appropin-

268 2233 457 2291 quaverit
496 2233 689 2282 Christo,
740 2249 788 2274 ac
828 2249 872 2275 se
908 2230 1159 2275 viciniorem
1200 2235 1422 2290 splendori
1462 2235 1567 2274 lucis
1607 2233 1696 2291 ejus

271 2309 495 2367 objecerit,
533 2321 648 2351 tanto
694 2309 1029 2363 magnificentius
1060 2321 1100 2351 et
1130 2311 1284 2352 clarius
1308 2309 1403 2368 ejus
1433 2311 1595 2352 lumine
1625 2327 1694 2351 ra-

269 2387 474 2435 diabitur,
520 2387 626 2427 sicut
659 2398 706 2437 xet
752 2386 841 2442 ipse
885 2386 941 2427 ait
976 2402 1056 2441 per
1094 2388 1378 2443 prophetam:
1430 2387 1695 2443 „appropin-

269 2463 457 2520 quatefi)
485 2463 613 2513 mihi,
646 2474 685 2503 et
723 2463 1087 2520 appropinquabo
1132 2463 1274 2515 vobis,
1306 2465 1407 2506 dicit
1440 2464 1694 2506 Dominus.“

387 2582 429 2635 ¹)
462 2581 479 2621 Ῑ
512 2581 612 2622 Cor.
642 2581 736 2631 XV,
766 2580 832 2622 41.
951 2580 998 2636 ²)
1028 2582 1142 2624 Edd.
1170 2582 1366 2624 NIerlini:
1400 2582 1525 2627 enim.

381 2649 427 2706 ³)
458 2651 570 2693 Edd.
601 2650 797 2692 Merlini:
830 2650 1002 2702 accidat,
1032 2653 1173 2708 primo
1207 2664 1377 2709 oportet
1407 2665 1481 2695 etc.

384 2718 430 2776 ⁴)
462 2721 614 2762 Matth.
645 2721 719 2769 IX,
748 2722 815 2763 27.

384 2790 429 2844 ⁵)
461 2790 571 2832 Edd.
603 2790 799 2832 Merlini:
832 2802 947 2832 ortus
979 2789 1066 2847 ejus
1101 2803 1174 2835 etc.

378 2860 424 2914 ⁶)
456 2861 634 2903 Zacliar.
667 2863 704 2911 1,
732 2861 771 2904 3.
806 2862 902 2903 coll.
934 2878 997 2918 cp.
1028 2863 1180 2905 Jacob,
1212 2862 1283 2915 IV,
1313 2863 1355 2907 8.
