1764 3096
236 93 323 138 280
840 89 1062 132 Omcssms

243 201 406 247 decem'
432 203 648 247 civitatum
687 202 841 258 accipit
887 214 1147 259 potestatem.
1216 201 1376 242 Verum
1418 201 1515 256 qnia
1555 218 1664 242 unus

243 295 394 324 auctor
423 293 481 323 est
511 280 726 330 omnium,
767 280 865 335 et¹)
905 282 999 322 finis
1041 292 1080 322 et
1110 278 1277 320 initium
1308 296 1418 320 unus
1450 290 1508 319 est
1541 276 1665 318 Chri-

244 371 343 408 stus,
372 358 535 400 idcirco
569 370 608 398 et
637 358 824 413 populus
851 358 1033 399 decimas
1066 356 1239 412 quidem
1284 354 1485 397 ministris
1524 367 1563 396 et
1601 371 1665 395 sa-

246 436 493 477 cerdotibus
522 446 725 491 praestat,
775 434 1057 490 primogenita
1088 450 1186 474 vero
1220 433 1345 473 offert
1377 431 1665 486 primogenito

248 513 387 555 omnis
419 524 658 561 creaturae,
706 523 745 552 et
783 511 900 552 initia
944 511 1064 553 initio
1100 510 1313 551 omniurn:
1363 509 1416 548 de
1448 525 1533 562 quo
1566 507 1667 548 scri-

245 601 366 645 ptum
401 600 482 630 est:
525 588 688 645 „qui²)
727 600 784 630 est
813 588 1004 638 initium,
1043 587 1351 644 primogenitus
1385 585 1522 625 omnis
1554 600 1669 625 crea·

245 671 412 708 turae.“
479 665 589 706 Vide
631 681 731 717 ergo
765 682 810 706 ex
850 665 912 708 his
952 666 1152 707 omnibus
1194 662 1478 704 differentiam
1514 661 1669 716 populi

244 743 566 801 Aegyptiorum,
597 754 636 783 et
664 743 818 798 populi
847 743 986 792 Israel,
1018 755 1057 783 et
1087 740 1370 783 differentiam
1401 740 1669 780 sacerdotum

246 819 509 869 Pharaonis,
552 832 592 861 et
629 821 897 862 sacerdotum
939 820 1141 868 Domini,
1193 830 1232 859 et
1280 818 1505 859 discutiens
1543 827 1671 857 temet

247 895 404 952 ipsum,
432 898 618 953 pervide,
651 898 703 938 de
734 913 820 951 quo
856 898 1025 952 populo
1057 897 1132 944 sis,
1171 908 1211 937 et
1252 893 1368 951 cujus
1412 895 1573 935 ordinis
1605 911 1669 935 sa-

247 973 489 1014 cerdotium
516 985 673 1014 teneas.
733 973 778 1014 Si
809 974 948 1014 adhuc
980 973 1219 1014 carnalibus
1249 971 1438 1013 sensibus
1469 970 1607 1019 servis,
1637 969 1671 1011 si

247 1049 387 1091 adhuc
423 1048 618 1104 quinario
651 1065 832 1089 numero
875 1049 1050 1100 vectigal
1096 1049 1290 1097 exsolvis,
1331 1060 1370 1088 et
1411 1047 1580 1102 respicis
1612 1063 1671 1096 ea,

250 1141 359 1181 quae
387 1125 564 1166 visibilia
597 1136 636 1166 et
665 1125 919 1180 temporalia
949 1136 1056 1173 sunt,
1089 1137 1127 1165 ct
1156 1142 1246 1166 non
1271 1124 1439 1180 respicis
1471 1142 1531 1174 ea,
1563 1141 1671 1179 quae

248 1202 470 1244 invisibilia
512 1214 552 1243 et
593 1213 762 1243 aeterna
797 1213 915 1250 sunt,
956 1203 1007 1242 de
1054 1202 1261 1259 Aegyptio
1303 1213 1343 1241 te
1386 1203 1553 1256 populo
1588 1218 1672 1243 esse

249 1294 473 1330 cognosce.
523 1278 570 1320 Si
601 1295 701 1319 vero
736 1280 987 1332 decalogum
1018 1278 1144 1329 legis,
1177 1289 1215 1318 et
1246 1279 1449 1319 decadem
1480 1277 1581 1318 novi
1611 1271 1678 1318 te-¹

249 1356 456 1405 statuenti,
488 1362 613 1411 quam
643 1372 771 1412 supra
803 1354 1086 1411 exposuimus,
1117 1372 1286 1410 semper
1304 1367 1399 1396 ante
1427 1356 1576 1396 oculos
1597 1356 1671 1398 ha-

249 1433 338 1481 bes,
367 1444 406 1473 et
436 1434 489 1474 de
520 1432 582 1474 his
614 1432 797 1474 decimas
829 1433 971 1481 ossers,
1004 1443 1042 1472 et
1066 1433 1349 1488 primogenita
1365 1450 1507 1474 sensus
1538 1433 1600 1474 tui
1629 1434 1673 1473 in

250 1509 336 1550 fide
364 1509 561 1552 immolas
595 1510 882 1566 primogenito
919 1526 965 1550 ex
995 1509 1197 1560 mortuis,
1230 1522 1269 1550 et
1295 1510 1413 1552 initia
1443 1523 1514 1551 tua
1544 1512 1674 1552 refers

252 1587 306 1627 ad
336 1585 503 1627 initium
537 1587 754 1636 omniurn,
795 1603 916 1628 verus
945 1587 1131 1629 Israelita
1164 1587 1291 1642 es,³)
1334 1588 1379 1628 in
1419 1604 1505 1643 quo
1548 1588 1672 1630 dolus

250 1679 342 1703 non
375 1675 444 1704 est.
505 1663 592 1704 Sed
623 1675 661 1704 et
689 1665 929 1705 sacerdotes
959 1664 1140 1705 Domini
1169 1665 1201 1705 si
1232 1676 1361 1706 semet
1390 1666 1505 1719 ipsos
1537 1665 1675 1706 discu-

250 1739 433 1794 tiant,4)
465 1750 506 1780 et
537 1756 559 1780 a
599 1740 775 1781 terrenis
816 1741 977 1781 actibus
1016 1740 1138 1781 liberi
1179 1741 1280 1789 sint,
1332 1753 1370 1781 et
1412 1742 1675 1797 possessione

251 1817 486 1865 mundana,
515 1831 611 1857 vere
640 1828 820 1871 possunt
860 1818 1000 1858 dicere
1031 1819 1085 1858 ad
1115 1817 1377 1858 Dominum:
1397 1817 1441 1873 ⁵)
1487 1835 1612 1868 „ecce
1630 1820 1674 1874 6)

251 1908 330 1933 nos
362 1891 596 1933 dimisimus
628 1893 793 1943 omnia,
835 1906 874 1934 et
908 1893 1038 1935 secuti
1076 1911 1219 1936 sumus
1249 1899 1336 1934 te:“
1373 1906 1497 1949 atque
1528 1897 1675 1936 audire

253 1969 307 2009 ab
341 1984 415 2008 eo:
448 1967 610 2023 quia⁷)
641 1985 726 2019 vos,
758 1970 832 2025 qui
861 1971 992 2012 secuti
1024 1970 1116 2013 estis
1147 1987 1238 2020 me,
1280 1970 1325 2011 in
1357 1971 1675 2022 regeneratione

254 2045 462 2095 omnium,
496 2062 591 2086 cum
623 2047 784 2087 venerit
813 2047 922 2088 filius
953 2048 1139 2089 hominis
1173 2048 1217 2089 in
1248 2064 1377 2100 regno
1400 2058 1477 2088 suo
1508 2049 1674 2090 sedebi-

252 2120 303 2163 tis
335 2133 373 2162 et
401 2139 475 2163 vos
503 2138 631 2177 super
662 2123 890 2165 duodecim
921 2125 1124 2175 thronos,
1172 2123 1404 2182 judicantes
1445 2127 1672 2167 duodecim

253 2198 388 2240 tribus
419 2198 588 2240 Israel.“

375 2350 418 2406 ι)
450 2351 564 2392 Alias
595 2351 653 2406 (e.
699 2370 732 2393 c.
773 2353 818 2394 in
857 2356 951 2396 edd.
992 2355 1096 2410 M.)
1138 2367 1204 2405 „et
1232 2357 1351 2405 fons,
1385 2351 1671 2398 etflnitiumf‘

258 2408 343 2450 Sed
374 2407 474 2448 Mss.
509 2421 553 2448 ut
581 2408 625 2450 iu
654 2421 803 2451 nostro
834 2422 959 2452 textu.
990 2411 1037 2452 R.

372 2476 418 2532 2)
451 2474 613 2518 Coloss.
643 2478 670 2528 l,
702 2480 767 2522 18.
800 2481 894 2520 coll.
932 2482 997 2522 15.

370 2546 418 2601 3)
450 2547 538 2592 Cfr,
571 2564 628 2590 ev.
658 2549 816 2591 Joann.
848 2551 877 2600 I,
907 2550 976 2592 48.

373 2616 420 2671 4)
449 2617 561 2660 Edd.
590 2618 784 2660 Merlini:
818 2619 1055 2670 discutiant,
1087 2633 1133 2663 ut
1160 2622 1334 2664 terrenis
1364 2634 1438 2664 etc.

373 2686 420 2741 ⁵)
448 2687 558 2729 Edd.
589 2688 783 2730 Merlini‘:
814 2690 1105 2739 „Dominum:
1136 2691 1234 2749 quia
1265 2708 1362 2735 cece
1391 2697 1496 2736 nos“
1529 2705 1601 2735 etc.

373 2755 419 2809 ⁶)
450 2757 599 2798 Matth.
629 2759 754 2808 XIX,
783 2761 849 2802 27.

373 2824 417 2879 ⁷)
446 2825 597 2869 Mauh.
628 2827 748 2880 ΧΙΧ,
776 2830 841 2873 28.
