1764 3096
72 2368 185 2409 bat.“
216 2367 268 2408 R.

490 114 536 144 m
577 99 776 144 GENEsm
809 99 1008 143 HommA
1036 100 1130 142 XV.
1434 101 1516 146 261

209 219 248 260 2.
308 214 537 256 Videamus
579 232 702 264 sane,
745 214 967 269 quomodo
1011 212 1158 253 audire
1196 212 1424 253 debeamus
1463 214 1516 254 de

97 310 163 343 eo,
196 294 310 348 quod
342 294 543 348 scriptum
575 304 645 342 est,
679 291 776 346 quia
810 289 1055 345 „Joseph¹)
1103 289 1213 330 filius
1251 300 1348 330 tuus
1376 289 1516 329 vivit.“

95 371 187 422 Ego
218 371 320 411 haec
349 386 439 410 non
471 368 754 410 communiter
785 367 894 408 dicta
924 365 1119 421 suscipio.
1168 365 1214 407 Si
1241 364 1364 414 enim,
1395 364 1512 405 verbi

94 463 230 495 causa,
262 463 496 501 ponamus,
539 447 634 502 quia
674 445 880 500 potuisset
918 443 1026 484 vinci
1057 461 1080 484 a
1110 441 1309 491 libidine,
1342 453 1382 482 et
1410 457 1511 497 pec·-

92 534 222 563 casset
253 539 350 563 cum
379 539 511 565 uxore
541 521 721 563 Domini
753 520 826 570 sui,
857 537 946 561 non
977 532 1099 576 puto,
1129 521 1247 575 quod
1274 520 1357 560 hoc
1382 536 1405 560 a
1433 535 1510 574 pa-

90 598 280 639 triarchis
325 600 377 640 de
419 616 469 640 eo
512 599 754 640 nuntiatum
791 596 936 638 fuisset
965 596 1074 652 patri
1106 595 1194 653 ejus
1221 597 1380 646 Jacob,
1412 596 1509 651 quia

87 674 225 724 „filius
255 687 352 717 tuus
383 677 546 732 Joseph
576 675 723 717 vivit.“'
769 674 865 715 Hoc
897 673 1008 714 enim
1039 673 1073 714 si
1103 673 1278 724 fecisset,
1308 673 1397 714 sine
1430 676 1509 714 du-

85 751 159 792 bio
190 769 281 794 non
309 752 538 808 viveret.²)
607 751 848 805 „Anima³)
881 751 1014 799 enim,
1066 767 1173 806 quae
1212 762 1383 805 peccat,
1420 750 1512 805 ipsa

85 828 342 870 morietur.“
410 830 496 871 Sed
538 840 576 869 et
616 831 807 870 Susanna
849 829 997 869 eadem
1048 829 1196 875 docet,
1249 844 1345 867 cum
1387 826 1512 868 dicit:

85 906 326 958 „angustiae
342 906 387 962 4)
418 906 522 947 mihi
552 919 650 948 sunt
680 906 884 961 undique.
945 904 991 947 Si
1023 904 1133 946 enim
1164 906 1247 945 hoc
1278 906 1434 952 fecero,
1456 928 1509 935 —

83 982 129 1023 id
163 995 233 1032 est,
264 983 297 1024 si
327 1000 555 1038 peccavero
588 1012 656 1033 -,
686 999 802 1023 mors
833 981 937 1031 mihi
969 994 1048 1022 est:
1091 993 1132 1022 et
1169 981 1202 1022 si
1233 998 1322 1022 non
1352 982 1509 1029 fecero,

81 1076 174 1100 non
206 1060 404 1113 effugiam
432 1077 581 1102 manus
611 1066 806 1102 vestras.“
863 1060 991 1100 Vides
1021 1075 1121 1110 ergo
1155 1069 1195 1098 et
1223 1057 1358 1114 ipsam
1388 1074 1507 1098 mor-

83 1147 170 1175 tem
199 1135 242 1176 in
273 1149 446 1192 peccato
476 1138 677 1193 posuisse.
738 1137 824 1178 Sed
856 1148 896 1176 ct
926 1138 979 1177 ad
1008 1135 1196 1191 primum
1227 1135 1449 1176 hominem
1480 1151 1505 1175 a

81 1213 179 1253 Deo
210 1215 378 1268 prolata
410 1215 613 1256 sententia
646 1216 793 1255 eadem
821 1213 1023 1262 continet,
1054 1229 1151 1253 cum
1183 1212 1304 1254 dicit:
1335 1228 1445 1268 „qua
1462 1212 1507 1266 ⁵)

82 1289 151 1331 die
188 1291 541 1333 manducaveritis
585 1309 633 1333 ex
687 1307 760 1342 eo,
807 1302 945 1331 morte
983 1289 1267 1331 moriemini.“
1354 1287 1508 1330 Statim

79 1383 287 1423 namque,
327 1381 374 1409 ut
409 1369 716 1424 praevaricatus
764 1381 823 1410 cst
869 1369 1143 1414 mandatum,
1191 1378 1385 1407 mortuus
1433 1377 1504 1406 est·

77 1444 254 1485 Mortua
288 1457 347 1486 est
378 1446 490 1487 enim
522 1447 683 1495 anima,
736 1462 844 1502 quae
873 1444 1082 1501 peccavit,
1128 1455 1168 1485 et
1198 1442 1386 1495 arguitur
1417 1459 1506 1484 ser-

76 1537 181 1576 pens
212 1522 433 1574 fefellisse,
472 1523 544 1579 qui
576 1523 694 1564 dixit:
732 1539 848 1572 „non
866 1522 910 1577 6)
941 1533 1079 1562 morte
1108 1519 1392 1562 moriemini.“
1448 1519 1506 1560 Et

75 1599 180 1638 haec
212 1600 264 1639 de
306 1616 378 1649 eo,
421 1602 539 1656 quod
581 1599 741 1641 dictum
781 1610 840 1640 est
881 1616 903 1640 a
943 1599 1038 1640 filiis
1078 1599 1208 1639 Israel
1247 1598 1302 1637 ad
1342 1596 1503 1636 Jacob:
1567 1584 1572 1588 '

75 1675 265 1731 „quia⁷)
296 1677 460 1732 Joseph
491 1676 602 1717 filius
632 1688 728 1717 tuus
771 1676 905 1718 vivit.“
977 1675 1145 1729 Quibus
1186 1673 1337 1715 similia
1380 1671 1505 1712 etiam

74 1752 119 1793 in
150 1753 459 1809 posterioribus
491 1754 745 1802 reseruntur,
778 1770 875 1794 cum
908 1752 1080 1793 dicitur:
1112 1762 1181 1801 „et
1199 1751 1246 1807 8)
1276 1748 1501 1791 resuscita-

75 1841 140 1871 tus
173 1842 232 1871 est
262 1830 433 1886 spiritus
466 1831 602 1871 Jacob
633 1830 762 1885 patris
795 1848 956 1872 eorum.
1013 1829 1070 1869 Et
1102 1828 1203 1869 dixit
1232 1828 1380 1869 Israel:
1411 1844 1503 1868 ma—

75 1922 205 1958 gnum
234 1907 339 1948 mihi
372 1919 441 1956 est,
472 1907 506 1948 si
536 1908 674 1947 adhuc
694 1908 856 1963 Joseph
886 1907 998 1947 filius
1027 1923 1147 1946 meus
1177 1905 1315 1946 vivit.“
1368 1904 1503 1958 Quod

74 1982 119 2022 in
149 1982 298 2023 Latino
331 1983 505 2024 dicitur:
537 1983 804 2024 resuscitatus
836 1995 896 2024 est
926 1982 1094 2037 spiritus
1128 1981 1230 2038 ejus,
1261 1981 1305 2021 in
1330 1981 1498 2022 Graeco

76 2056 420 2120 ἀνεζωπύρησεν
438 2059 641 2115 scriptum
673 2072 743 2101 est.
790 2061 922 2115 Quod
949 2076 1038 2101 non
1065 2071 1152 2100 tam
1187 2057 1498 2113 resuscitari,⁹)

192 2241 235 2295 ι)
269 2241 422 2283 Genes.
453 2242 581 2291 XLV,
612 2243 679 2285 26.

188 2311 234 2364 2)
264 2311 389 2352 Mss.:
427 2311 652 2363 ‚‚viveret‚“
685 2312 784 2353 alias
816 2313 875 2368 (V.
916 2329 950 2353 c.
991 2310 1035 2353 in
1069 2311 1164 2353 edd.
1211 2311 1316 2368 M.):
1360 2311 1496 2362 „vive-

188 2436 234 2490 3)
265 2437 417 2477 Ezech.
449 2436 608 2487 XVIII,
646 2440 686 2482 4.

188 2505 234 2561 ⁴)
266 2506 372 2547 Hist.
407 2507 588 2548 Susann.
616 2524 719 2550 vers.
750 2508 817 2550 22.
847 2508 982 2563 (Dan.
1014 2507 1131 2556 XIII,
1161 2508 1254 2563 22.)

192 2578 237 2631 ⁵)
271 2577 422 2619 Genes.
453 2577 506 2626 Π,
538 2579 604 2622 17.
722 2577 770 2633 ὃ)
802 2577 955 2621 Genes.
986 2578 1059 2628 Ill,
1093 2579 1132 2620 4·

194 2647 238 2700 ⁷)
272 2647 423 2688 Genes.
454 2648 582 2697 XLV,
613 2649 681 2691 26.

190 2714 237 2767 8)
269 2715 422 2757 Genes.
451 2717 582 2766 XLV,
612 2718 678 2759 27.
708 2717 776 2760 28.

193 2784 239 2837 ⁹)
271 2784 387 2826 Editi
429 2785 488 2840 (v.
531 2803 564 2827 c.
604 2787 698 2829 edd.
728 2786 836 2840 M.):
878 2785 1168 2836 ‚,resuseitare,
1208 2802 1334 2842 quam
1379 2803 1493 2829 reac-

77 2843 272 2893 cendere,
303 2865 370 2894 -‚
401 2853 442 2884 et
470 2842 689 2896 reignire.“
745 2845 799 2885 At
829 2843 931 2886 Mss.
961 2853 1009 2885 ut
1034 2841 1079 2886 in
1108 2854 1256 2886 nostro
1287 2856 1413 2887 textu.
1442 2845 1492 2886 R.
