<?xml version="1.0" encoding="UTF-8"?>
<!DOCTYPE html PUBLIC "-//W3C//DTD XHTML 1.0 Transitional//EN"
    "http://www.w3.org/TR/xhtml1/DTD/xhtml1-transitional.dtd">
<html xmlns="http://www.w3.org/1999/xhtml" xml:lang="en" lang="en">
 <head>
  <title>
</title>
<meta http-equiv="Content-Type" content="text/html;charset=utf-8" />
  <meta name='ocr-system' content='tesseract 3.04.00' />
  <meta name='ocr-capabilities' content='ocr_page ocr_carea ocr_par ocr_line ocrx_word'/>
</head>
<body>
  <div class='ocr_page' id='page_1' title='image "./operaomniaquaegr08orig_0152.png"; bbox 0 0 1764 3096; ppageno 0'>
   <div class='ocr_carea' id='block_1_1' title="bbox 236 79 1057 127">
    <p class='ocr_par' dir='ltr' id='par_1_1' title="bbox 236 79 1057 127">
     <span class='ocr_line' id='line_1_1' title="bbox 236 79 1057 127; baseline -0.006 0"><span class='ocrx_word' id='word_1_1' title='bbox 236 85 319 127; x_wconf 73' lang='lat'>140</span> <span class='ocrx_word' id='word_1_2' title='bbox 836 79 1057 123; x_wconf 65' lang='lat' dir='ltr'>Onicrms</span> 
     </span>
    </p>
   </div>
   <div class='ocr_carea' id='block_1_2' title="bbox 234 183 1660 2017">
    <p class='ocr_par' dir='ltr' id='par_1_2' title="bbox 234 183 1656 1082">
     <span class='ocr_line' id='line_1_2' title="bbox 235 183 1647 245; baseline 0 -8"><span class='ocrx_word' id='word_1_3' title='bbox 235 196 417 238; x_wconf 69' lang='lat' dir='ltr'>zavimus</span> <span class='ocrx_word' id='word_1_4' title='bbox 447 195 580 245; x_wconf 85' lang='lat' dir='ltr'>vobis,</span> <span class='ocrx_word' id='word_1_5' title='bbox 618 183 841 236; x_wconf 79' lang='lat' dir='ltr'>anathe&#39;ma</span> <span class='ocrx_word' id='word_1_6' title='bbox 879 193 968 236; x_wconf 85' lang='lat' dir='ltr'>sit.“</span> <span class='ocrx_word' id='word_1_7' title='bbox 1037 192 1122 234; x_wconf 87' lang='lat' dir='ltr'>Sed</span> <span class='ocrx_word' id='word_1_8' title='bbox 1166 193 1268 234; x_wconf 81' lang='lat' dir='ltr'>haec</span> <span class='ocrx_word' id='word_1_9' title='bbox 1311 192 1420 236; x_wconf 83' lang='lat' dir='ltr'>alias.</span> <span class='ocrx_word' id='word_1_10' title='bbox 1477 193 1647 240; x_wconf 84' lang='lat' dir='ltr'><strong>Interim</strong></span> 
     </span>
     <span class='ocr_line' id='line_1_3' title="bbox 235 269 1648 329; baseline 0.001 -17"><span class='ocrx_word' id='word_1_11' title='bbox 235 273 385 323; x_wconf 88' lang='lat' dir='ltr'>vidisti,</span> <span class='ocrx_word' id='word_1_12' title='bbox 413 289 522 329; x_wconf 87' lang='lat' dir='ltr'>quae</span> <span class='ocrx_word' id='word_1_13' title='bbox 550 271 634 314; x_wconf 90' lang='lat' dir='ltr'>sint</span> <span class='ocrx_word' id='word_1_14' title='bbox 664 270 868 326; x_wconf 83' lang='lat' dir='ltr'>quadrata</span> <span class='ocrx_word' id='word_1_15' title='bbox 898 269 1031 322; x_wconf 84' lang='lat' dir='ltr'>ligna,</span> <span class='ocrx_word' id='word_1_16' title='bbox 1077 286 1184 325; x_wconf 82' lang='lat' dir='ltr'>quae</span> <span class='ocrx_word' id='word_1_17' title='bbox 1228 271 1341 311; x_wconf 85' lang='lat' dir='ltr'>velut</span> <span class='ocrx_word' id='word_1_18' title='bbox 1378 288 1524 314; x_wconf 83' lang='lat' dir='ltr'>murus</span> <span class='ocrx_word' id='word_1_19' title='bbox 1554 273 1648 328; x_wconf 91' lang='lat' dir='ltr'>qui-</span> 
     </span>
     <span class='ocr_line' id='line_1_4' title="bbox 237 346 1650 403; baseline -0.002 -12"><span class='ocrx_word' id='word_1_20' title='bbox 237 351 334 392; x_wconf 88' lang='lat' dir='ltr'>dem</span> <span class='ocrx_word' id='word_1_21' title='bbox 367 361 407 390; x_wconf 90' lang='lat' dir='ltr'>et</span> <span class='ocrx_word' id='word_1_22' title='bbox 436 348 624 391; x_wconf 77' lang='lat' dir='ltr'><strong>defensio</strong></span> <span class='ocrx_word' id='word_1_23' title='bbox 657 347 740 396; x_wconf 86' lang='lat' dir='ltr'>his,</span> <span class='ocrx_word' id='word_1_24' title='bbox 780 346 852 402; x_wconf 87' lang='lat' dir='ltr'>qui</span> <span class='ocrx_word' id='word_1_25' title='bbox 881 359 978 388; x_wconf 90' lang='lat' dir='ltr'>sunt</span> <span class='ocrx_word' id='word_1_26' title='bbox 1006 346 1277 396; x_wconf 83' lang='lat' dir='ltr'>intrinsecus,</span> <span class='ocrx_word' id='word_1_27' title='bbox 1317 362 1339 387; x_wconf 91' lang='lat' dir='ltr'>a</span> <span class='ocrx_word' id='word_1_28' title='bbox 1359 346 1400 403; x_wconf 88' lang='lat'>¹)</span> <span class='ocrx_word' id='word_1_29' title='bbox 1439 349 1650 398; x_wconf 82' lang='lat' dir='ltr'>fluctibus,</span> 
     </span>
     <span class='ocr_line' id='line_1_5' title="bbox 237 423 1653 482; baseline -0.001 -15"><span class='ocrx_word' id='word_1_30' title='bbox 237 426 310 482; x_wconf 87' lang='lat' dir='ltr'>qui</span> <span class='ocrx_word' id='word_1_31' title='bbox 352 426 604 468; x_wconf 85' lang='lat' dir='ltr'>extrinsecus</span> <span class='ocrx_word' id='word_1_32' title='bbox 654 423 978 479; x_wconf 85' lang='lat' dir='ltr'>superveniunt,</span> <span class='ocrx_word' id='word_1_33' title='bbox 1034 425 1302 464; x_wconf 85' lang='lat' dir='ltr'>collocantur</span> <span class='ocrx_word' id='word_1_34' title='bbox 1345 425 1398 464; x_wconf 89' lang='lat' dir='ltr'>ab</span> <span class='ocrx_word' id='word_1_35' title='bbox 1447 425 1653 481; x_wconf 75' lang='lat' dir='ltr'>spirituali</span> 
     </span>
     <span class='ocr_line' id='line_1_6' title="bbox 236 500 1651 558; baseline -0.001 -14"><span class='ocrx_word' id='word_1_36' title='bbox 236 503 352 544; x_wconf 81' lang='lat' dir='ltr'>Noe:</span> <span class='ocrx_word' id='word_1_37' title='bbox 391 519 500 558; x_wconf 87' lang='lat' dir='ltr'>quae</span> <span class='ocrx_word' id='word_1_38' title='bbox 540 504 648 554; x_wconf 86' lang='lat' dir='ltr'>ligna</span> <span class='ocrx_word' id='word_1_39' title='bbox 690 500 961 553; x_wconf 85' lang='lat' dir='ltr'>extrinsecus,</span> <span class='ocrx_word' id='word_1_40' title='bbox 1000 513 1037 542; x_wconf 88' lang='lat' dir='ltr'>et</span> <span class='ocrx_word' id='word_1_41' title='bbox 1066 500 1314 542; x_wconf 85' lang='lat' dir='ltr'>intrinsecus</span> <span class='ocrx_word' id='word_1_42' title='bbox 1354 501 1562 543; x_wconf 86' lang='lat' dir='ltr'>bitumine</span> <span class='ocrx_word' id='word_1_43' title='bbox 1600 503 1651 544; x_wconf 92' lang='lat' dir='ltr'>li-</span> 
     </span>
     <span class='ocr_line' id='line_1_7' title="bbox 236 577 1655 635; baseline 0.001 -15"><span class='ocrx_word' id='word_1_44' title='bbox 236 579 484 635; x_wconf 87' lang='lat' dir='ltr'>niuntur.²)</span> <span class='ocrx_word' id='word_1_45' title='bbox 544 579 646 619; x_wconf 83' lang='lat' dir='ltr'>Vult</span> <span class='ocrx_word' id='word_1_46' title='bbox 675 579 788 619; x_wconf 89' lang='lat' dir='ltr'>enim</span> <span class='ocrx_word' id='word_1_47' title='bbox 828 590 868 620; x_wconf 90' lang='lat' dir='ltr'>te</span> <span class='ocrx_word' id='word_1_48' title='bbox 909 579 1155 620; x_wconf 73' lang='lat' dir='ltr'><strong>architectus</strong></span> <span class='ocrx_word' id='word_1_49' title='bbox 1186 577 1406 628; x_wconf 86' lang='lat' dir='ltr'>ecclesiae,</span> <span class='ocrx_word' id='word_1_50' title='bbox 1451 578 1655 630; x_wconf 86' lang='lat' dir='ltr'>Christus,</span> 
     </span>
     <span class='ocr_line' id='line_1_8' title="bbox 236 655 1652 712; baseline -0.001 -15"><span class='ocrx_word' id='word_1_51' title='bbox 236 673 327 697; x_wconf 88' lang='lat' dir='ltr'>non</span> <span class='ocrx_word' id='word_1_52' title='bbox 359 673 444 698; x_wconf 87' lang='lat' dir='ltr'>esse</span> <span class='ocrx_word' id='word_1_53' title='bbox 473 656 623 705; x_wconf 89' lang='lat' dir='ltr'>talem,</span> <span class='ocrx_word' id='word_1_54' title='bbox 661 656 804 711; x_wconf 87' lang='lat' dir='ltr'>quales</span> <span class='ocrx_word' id='word_1_55' title='bbox 832 667 927 696; x_wconf 90' lang='lat' dir='ltr'>sunt</span> <span class='ocrx_word' id='word_1_56' title='bbox 957 655 1040 705; x_wconf 89' lang='lat' dir='ltr'>illi,</span> <span class='ocrx_word' id='word_1_57' title='bbox 1082 655 1155 710; x_wconf 85' lang='lat' dir='ltr'>qui</span> <span class='ocrx_word' id='word_1_58' title='bbox 1187 655 1344 696; x_wconf 88' lang='lat' dir='ltr'>deforis</span> <span class='ocrx_word' id='word_1_59' title='bbox 1375 656 1546 710; x_wconf 86' lang='lat' dir='ltr'>quidem</span> <span class='ocrx_word' id='word_1_60' title='bbox 1578 673 1652 712; x_wconf 89' lang='lat' dir='ltr'>ap-</span> 
     </span>
     <span class='ocr_line' id='line_1_9' title="bbox 235 731 1653 790; baseline 0 -16"><span class='ocrx_word' id='word_1_61' title='bbox 235 733 445 790; x_wconf 77' lang='lat' dir='ltr'>parent3)</span> <span class='ocrx_word' id='word_1_62' title='bbox 484 732 731 774; x_wconf 71' lang='lat' dir='ltr'>homiuibus</span> <span class='ocrx_word' id='word_1_63' title='bbox 770 731 888 790; x_wconf 87' lang='lat' dir='ltr'>justi:</span> <span class='ocrx_word' id='word_1_64' title='bbox 931 733 1095 774; x_wconf 88' lang='lat' dir='ltr'>deintus</span> <span class='ocrx_word' id='word_1_65' title='bbox 1140 743 1280 772; x_wconf 85' lang='lat' dir='ltr'>autem</span> <span class='ocrx_word' id='word_1_66' title='bbox 1317 744 1414 772; x_wconf 87' lang='lat' dir='ltr'>sunt</span> <span class='ocrx_word' id='word_1_67' title='bbox 1458 735 1653 789; x_wconf 89' lang='lat' dir='ltr'>sepulcra</span> 
     </span>
     <span class='ocr_line' id='line_1_10' title="bbox 234 809 1651 864; baseline 0.001 -14"><span class='ocrx_word' id='word_1_68' title='bbox 234 821 522 851; x_wconf 85' lang='lat' dir='ltr'>mortuorum.</span> <span class='ocrx_word' id='word_1_69' title='bbox 581 809 666 851; x_wconf 87' lang='lat' dir='ltr'>Sed</span> <span class='ocrx_word' id='word_1_70' title='bbox 696 810 784 850; x_wconf 79' lang='lat' dir='ltr'>vult</span> <span class='ocrx_word' id='word_1_71' title='bbox 812 820 852 850; x_wconf 91' lang='lat' dir='ltr'>te</span> <span class='ocrx_word' id='word_1_72' title='bbox 883 821 921 850; x_wconf 89' lang='lat' dir='ltr'>et</span> <span class='ocrx_word' id='word_1_73' title='bbox 950 825 1134 864; x_wconf 83' lang='lat' dir='ltr'>corpore</span> <span class='ocrx_word' id='word_1_74' title='bbox 1161 820 1354 849; x_wconf 84' lang='lat' dir='ltr'>sanctum</span> <span class='ocrx_word' id='word_1_75' title='bbox 1385 825 1470 851; x_wconf 90' lang='lat' dir='ltr'>esse</span> <span class='ocrx_word' id='word_1_76' title='bbox 1500 810 1651 851; x_wconf 83' lang='lat' dir='ltr'>extrin-</span> 
     </span>
     <span class='ocr_line' id='line_1_11' title="bbox 236 885 1656 943; baseline 0.001 -16"><span class='ocrx_word' id='word_1_77' title='bbox 236 902 378 935; x_wconf 83' lang='lat' dir='ltr'>secus,</span> <span class='ocrx_word' id='word_1_78' title='bbox 420 897 459 926; x_wconf 88' lang='lat' dir='ltr'>et</span> <span class='ocrx_word' id='word_1_79' title='bbox 498 886 629 927; x_wconf 90' lang='lat' dir='ltr'>corde</span> <span class='ocrx_word' id='word_1_80' title='bbox 658 885 908 927; x_wconf 84' lang='lat' dir='ltr'>intrinsecus</span> <span class='ocrx_word' id='word_1_81' title='bbox 938 902 1093 942; x_wconf 89' lang='lat' dir='ltr'>purum</span> <span class='ocrx_word' id='word_1_82' title='bbox 1114 917 1123 934; x_wconf 90' lang='lat'>,</span> <span class='ocrx_word' id='word_1_83' title='bbox 1167 897 1335 926; x_wconf 84' lang='lat' dir='ltr'>cautum</span> <span class='ocrx_word' id='word_1_84' title='bbox 1367 886 1571 943; x_wconf 87' lang='lat' dir='ltr'>undique,</span> <span class='ocrx_word' id='word_1_85' title='bbox 1615 899 1656 928; x_wconf 88' lang='lat' dir='ltr'>et</span> 
     </span>
     <span class='ocr_line' id='line_1_12' title="bbox 237 961 1654 1018; baseline 0.001 -15"><span class='ocrx_word' id='word_1_86' title='bbox 237 961 432 1004; x_wconf 83' lang='lat' dir='ltr'>castitatis</span> <span class='ocrx_word' id='word_1_87' title='bbox 462 975 587 1018; x_wconf 84' lang='lat' dir='ltr'>atque</span> <span class='ocrx_word' id='word_1_88' title='bbox 615 963 884 1005; x_wconf 77' lang='lat' dir='ltr'>innocentiae</span> <span class='ocrx_word' id='word_1_89' title='bbox 916 964 1067 1004; x_wconf 84' lang='lat' dir='ltr'>virtute</span> <span class='ocrx_word' id='word_1_90' title='bbox 1095 962 1328 1013; x_wconf 88' lang='lat' dir='ltr'>munitum,</span> <span class='ocrx_word' id='word_1_91' title='bbox 1360 964 1444 1005; x_wconf 88' lang='lat' dir='ltr'>hoc</span> <span class='ocrx_word' id='word_1_92' title='bbox 1478 976 1560 1014; x_wconf 84' lang='lat' dir='ltr'>est,</span> <span class='ocrx_word' id='word_1_93' title='bbox 1589 963 1654 1005; x_wconf 88' lang='lat' dir='ltr'>in-</span> 
     </span>
     <span class='ocr_line' id='line_1_13' title="bbox 235 1038 1078 1082; baseline 0 -2"><span class='ocrx_word' id='word_1_94' title='bbox 235 1051 301 1081; x_wconf 83' lang='lat' dir='ltr'>tus</span> <span class='ocrx_word' id='word_1_95' title='bbox 333 1051 372 1080; x_wconf 89' lang='lat' dir='ltr'>et</span> <span class='ocrx_word' id='word_1_96' title='bbox 398 1038 500 1081; x_wconf 84' lang='lat' dir='ltr'>foris</span> <span class='ocrx_word' id='word_1_97' title='bbox 530 1040 740 1081; x_wconf 77' lang='lat' dir='ltr'>bitumine</span> <span class='ocrx_word' id='word_1_98' title='bbox 769 1056 855 1082; x_wconf 84' lang='lat' dir='ltr'>esse</span> <span class='ocrx_word' id='word_1_99' title='bbox 885 1040 1078 1080; x_wconf 87' lang='lat' dir='ltr'>oblitum.</span> 
     </span>
    </p>

    <p class='ocr_par' dir='ltr' id='par_1_3' title="bbox 235 1116 1660 2017">
     <span class='ocr_line' id='line_1_14' title="bbox 349 1116 1655 1168; baseline -0.001 -9"><span class='ocrx_word' id='word_1_100' title='bbox 349 1118 389 1159; x_wconf 85' lang='lat'>5.</span> <span class='ocrx_word' id='word_1_101' title='bbox 419 1116 524 1157; x_wconf 87' lang='lat' dir='ltr'>Post</span> <span class='ocrx_word' id='word_1_102' title='bbox 553 1116 656 1157; x_wconf 87' lang='lat' dir='ltr'>baec</span> <span class='ocrx_word' id='word_1_103' title='bbox 687 1117 740 1156; x_wconf 92' lang='lat' dir='ltr'>de</span> <span class='ocrx_word' id='word_1_104' title='bbox 770 1116 1059 1168; x_wconf 84' lang='lat' dir='ltr'>longitudine,</span> <span class='ocrx_word' id='word_1_105' title='bbox 1098 1129 1137 1157; x_wconf 87' lang='lat' dir='ltr'>et</span> <span class='ocrx_word' id='word_1_106' title='bbox 1176 1118 1397 1160; x_wconf 84' lang='lat' dir='ltr'>latitudine</span> <span class='ocrx_word' id='word_1_107' title='bbox 1429 1134 1572 1168; x_wconf 88' lang='lat' dir='ltr'>arcae,</span> <span class='ocrx_word' id='word_1_108' title='bbox 1617 1129 1655 1159; x_wconf 88' lang='lat' dir='ltr'>et</span> 
     </span>
     <span class='ocr_line' id='line_1_15' title="bbox 238 1191 1653 1250; baseline 0 -14"><span class='ocrx_word' id='word_1_109' title='bbox 238 1196 292 1236; x_wconf 89' lang='lat' dir='ltr'>de</span> <span class='ocrx_word' id='word_1_110' title='bbox 322 1191 542 1236; x_wconf 81' lang='lat' dir='ltr'>altitudine</span> <span class='ocrx_word' id='word_1_111' title='bbox 570 1202 857 1240; x_wconf 88' lang='lat' dir='ltr'>memoratur,</span> <span class='ocrx_word' id='word_1_112' title='bbox 901 1204 939 1232; x_wconf 86' lang='lat' dir='ltr'>et</span> <span class='ocrx_word' id='word_1_113' title='bbox 976 1193 1144 1233; x_wconf 87' lang='lat' dir='ltr'>numeri</span> <span class='ocrx_word' id='word_1_114' title='bbox 1182 1193 1225 1234; x_wconf 86' lang='lat' dir='ltr'>in</span> <span class='ocrx_word' id='word_1_115' title='bbox 1267 1195 1329 1236; x_wconf 82' lang='lat' dir='ltr'>his</span> <span class='ocrx_word' id='word_1_116' title='bbox 1361 1196 1535 1250; x_wconf 86' lang='lat' dir='ltr'>quidam</span> <span class='ocrx_word' id='word_1_117' title='bbox 1572 1211 1653 1250; x_wconf 91' lang='lat' dir='ltr'>po-</span> 
     </span>
     <span class='ocr_line' id='line_1_16' title="bbox 237 1267 1658 1327; baseline 0.001 -15"><span class='ocrx_word' id='word_1_118' title='bbox 237 1283 401 1312; x_wconf 86' lang='lat' dir='ltr'>nuntur</span> <span class='ocrx_word' id='word_1_119' title='bbox 425 1270 664 1321; x_wconf 85' lang='lat' dir='ltr'>ingentibus</span> <span class='ocrx_word' id='word_1_120' title='bbox 693 1267 898 1325; x_wconf 66' lang='lat' dir='ltr'>mysteriis</span> <span class='ocrx_word' id='word_1_121' title='bbox 930 1270 1176 1311; x_wconf 86' lang='lat' dir='ltr'>consecrati.</span> <span class='ocrx_word' id='word_1_122' title='bbox 1229 1271 1314 1311; x_wconf 85' lang='lat' dir='ltr'>Sed</span> <span class='ocrx_word' id='word_1_123' title='bbox 1345 1283 1570 1327; x_wconf 86' lang='lat' dir='ltr'>antequam</span> <span class='ocrx_word' id='word_1_124' title='bbox 1605 1273 1658 1313; x_wconf 82' lang='lat' dir='ltr'>de</span> 
     </span>
     <span class='ocr_line' id='line_1_17' title="bbox 236 1343 1660 1401; baseline 0 -12"><span class='ocrx_word' id='word_1_125' title='bbox 236 1346 424 1389; x_wconf 85' lang='lat' dir='ltr'>numeris</span> <span class='ocrx_word' id='word_1_126' title='bbox 455 1343 780 1399; x_wconf 76' lang='lat' dir='ltr'>disseramus,⁴)</span> <span class='ocrx_word' id='word_1_127' title='bbox 810 1345 917 1394; x_wconf 88' lang='lat' dir='ltr'>hoe,</span> <span class='ocrx_word' id='word_1_128' title='bbox 962 1347 1078 1400; x_wconf 88' lang='lat' dir='ltr'>quod</span> <span class='ocrx_word' id='word_1_129' title='bbox 1112 1345 1213 1387; x_wconf 88' lang='lat' dir='ltr'>dicit</span> <span class='ocrx_word' id='word_1_130' title='bbox 1249 1347 1581 1401; x_wconf 84' lang='lat' dir='ltr'>longitudinem,</span> <span class='ocrx_word' id='word_1_131' title='bbox 1620 1360 1660 1389; x_wconf 77' lang='lat' dir='ltr'>et</span> 
     </span>
     <span class='ocr_line' id='line_1_18' title="bbox 235 1422 1657 1481; baseline 0.001 -15"><span class='ocrx_word' id='word_1_132' title='bbox 235 1424 525 1472; x_wconf 80' lang='lat' dir='ltr'>latitudinem,</span> <span class='ocrx_word' id='word_1_133' title='bbox 556 1435 594 1464; x_wconf 89' lang='lat' dir='ltr'>et</span> <span class='ocrx_word' id='word_1_134' title='bbox 623 1422 911 1471; x_wconf 80' lang='lat' dir='ltr'>altitudinem,</span> <span class='ocrx_word' id='word_1_135' title='bbox 951 1423 1074 1477; x_wconf 86' lang='lat' dir='ltr'>quale</span> <span class='ocrx_word' id='word_1_136' title='bbox 1103 1423 1155 1464; x_wconf 85' lang='lat' dir='ltr'>sit</span> <span class='ocrx_word' id='word_1_137' title='bbox 1183 1423 1411 1466; x_wconf 77' lang='lat' dir='ltr'>videamus.</span> <span class='ocrx_word' id='word_1_138' title='bbox 1469 1428 1657 1481; x_wconf 83' lang='lat' dir='ltr'>Aposto-</span> 
     </span>
     <span class='ocr_line' id='line_1_19' title="bbox 236 1500 1660 1558; baseline -0.001 -16"><span class='ocrx_word' id='word_1_139' title='bbox 236 1502 301 1544; x_wconf 86' lang='lat' dir='ltr'>lus</span> <span class='ocrx_word' id='word_1_140' title='bbox 330 1501 375 1542; x_wconf 84' lang='lat' dir='ltr'>in</span> <span class='ocrx_word' id='word_1_141' title='bbox 405 1501 595 1556; x_wconf 86' lang='lat' dir='ltr'>quodam</span> <span class='ocrx_word' id='word_1_142' title='bbox 622 1500 740 1548; x_wconf 88' lang='lat' dir='ltr'>loco,</span> <span class='ocrx_word' id='word_1_143' title='bbox 771 1515 866 1539; x_wconf 89' lang='lat' dir='ltr'>cum</span> <span class='ocrx_word' id='word_1_144' title='bbox 901 1500 954 1539; x_wconf 89' lang='lat' dir='ltr'>de</span> <span class='ocrx_word' id='word_1_145' title='bbox 972 1500 1169 1558; x_wconf 77' lang='lat' dir='ltr'>mysterio</span> <span class='ocrx_word' id='word_1_146' title='bbox 1203 1501 1337 1543; x_wconf 88' lang='lat' dir='ltr'>crucis</span> <span class='ocrx_word' id='word_1_147' title='bbox 1366 1502 1564 1543; x_wconf 78' lang='lat' dir='ltr'>sacratius</span> <span class='ocrx_word' id='word_1_148' title='bbox 1595 1503 1660 1542; x_wconf 86' lang='lat' dir='ltr'>lo-</span> 
     </span>
     <span class='ocr_line' id='line_1_20' title="bbox 239 1575 1657 1634; baseline 0.001 -17"><span class='ocrx_word' id='word_1_149' title='bbox 239 1589 453 1634; x_wconf 85' lang='lat' dir='ltr'>queretur,</span> <span class='ocrx_word' id='word_1_150' title='bbox 482 1577 539 1618; x_wconf 86' lang='lat' dir='ltr'>ita</span> <span class='ocrx_word' id='word_1_151' title='bbox 571 1576 649 1617; x_wconf 86' lang='lat' dir='ltr'>ait:</span> <span class='ocrx_word' id='word_1_152' title='bbox 681 1575 815 1630; x_wconf 89' lang='lat' dir='ltr'>„ut⁵)</span> <span class='ocrx_word' id='word_1_153' title='bbox 845 1575 1001 1624; x_wconf 84' lang='lat' dir='ltr'>sciatis,</span> <span class='ocrx_word' id='word_1_154' title='bbox 1041 1593 1148 1631; x_wconf 80' lang='lat' dir='ltr'>quae</span> <span class='ocrx_word' id='word_1_155' title='bbox 1189 1577 1239 1618; x_wconf 87' lang='lat' dir='ltr'>sit</span> <span class='ocrx_word' id='word_1_156' title='bbox 1271 1579 1515 1630; x_wconf 86' lang='lat' dir='ltr'>longitudo,</span> <span class='ocrx_word' id='word_1_157' title='bbox 1559 1591 1596 1619; x_wconf 87' lang='lat' dir='ltr'>et</span> <span class='ocrx_word' id='word_1_158' title='bbox 1611 1579 1657 1633; x_wconf 77' lang='grc'>6)</span> 
     </span>
     <span class='ocr_line' id='line_1_21' title="bbox 238 1653 1656 1708; baseline 0 -12"><span class='ocrx_word' id='word_1_159' title='bbox 238 1655 434 1703; x_wconf 74' lang='lat' dir='ltr'>latitudo,</span> <span class='ocrx_word' id='word_1_160' title='bbox 467 1666 507 1695; x_wconf 88' lang='lat' dir='ltr'>et</span> <span class='ocrx_word' id='word_1_161' title='bbox 537 1654 730 1703; x_wconf 84' lang='lat' dir='ltr'>altitudo,</span> <span class='ocrx_word' id='word_1_162' title='bbox 762 1665 800 1693; x_wconf 82' lang='lat' dir='ltr'>et</span> <span class='ocrx_word' id='word_1_163' title='bbox 831 1654 1140 1708; x_wconf 86' lang='lat' dir='ltr'>profundum.“</span> <span class='ocrx_word' id='word_1_164' title='bbox 1213 1653 1484 1696; x_wconf 85' lang='lat' dir='ltr'>Profundum</span> <span class='ocrx_word' id='word_1_165' title='bbox 1518 1667 1656 1696; x_wconf 82' lang='lat' dir='ltr'>autem</span> 
     </span>
     <span class='ocr_line' id='line_1_22' title="bbox 240 1730 1657 1787; baseline -0.001 -14"><span class='ocrx_word' id='word_1_166' title='bbox 240 1743 281 1773; x_wconf 86' lang='lat' dir='ltr'>et</span> <span class='ocrx_word' id='word_1_167' title='bbox 308 1731 486 1773; x_wconf 88' lang='lat' dir='ltr'>altitudo</span> <span class='ocrx_word' id='word_1_168' title='bbox 516 1731 631 1771; x_wconf 82' lang='lat' dir='ltr'>idem</span> <span class='ocrx_word' id='word_1_169' title='bbox 651 1730 695 1785; x_wconf 86' lang='lat'>⁷)</span> <span class='ocrx_word' id='word_1_170' title='bbox 724 1730 970 1782; x_wconf 76' lang='lat' dir='ltr'>significant,</span> <span class='ocrx_word' id='word_1_171' title='bbox 1001 1730 1081 1771; x_wconf 84' lang='lat' dir='ltr'>nisi</span> <span class='ocrx_word' id='word_1_172' title='bbox 1112 1732 1231 1785; x_wconf 88' lang='lat' dir='ltr'>quod</span> <span class='ocrx_word' id='word_1_173' title='bbox 1264 1731 1443 1772; x_wconf 86' lang='lat' dir='ltr'>altitudo</span> <span class='ocrx_word' id='word_1_174' title='bbox 1476 1731 1657 1787; x_wconf 87' lang='lat' dir='ltr'>spatium</span> 
     </span>
     <span class='ocr_line' id='line_1_23' title="bbox 240 1807 1658 1864; baseline -0.002 -14"><span class='ocrx_word' id='word_1_175' title='bbox 240 1811 294 1850; x_wconf 85' lang='lat' dir='ltr'>de</span> <span class='ocrx_word' id='word_1_176' title='bbox 322 1807 596 1849; x_wconf 82' lang='lat' dir='ltr'>inferioribus</span> <span class='ocrx_word' id='word_1_177' title='bbox 626 1808 790 1848; x_wconf 83' lang='lat' dir='ltr'>videtur</span> <span class='ocrx_word' id='word_1_178' title='bbox 835 1810 889 1849; x_wconf 90' lang='lat' dir='ltr'>ad</span> <span class='ocrx_word' id='word_1_179' title='bbox 928 1807 1149 1864; x_wconf 82' lang='lat' dir='ltr'>superiora</span> <span class='ocrx_word' id='word_1_180' title='bbox 1187 1808 1349 1857; x_wconf 86' lang='lat' dir='ltr'>metiri,</span> <span class='ocrx_word' id='word_1_181' title='bbox 1391 1808 1658 1863; x_wconf 72' lang='lat' dir='ltr'>profundum</span> 
     </span>
     <span class='ocr_line' id='line_1_24' title="bbox 240 1884 1658 1941; baseline 0 -17"><span class='ocrx_word' id='word_1_182' title='bbox 240 1902 341 1926; x_wconf 82' lang='lat' dir='ltr'>vero</span> <span class='ocrx_word' id='word_1_183' title='bbox 374 1886 427 1925; x_wconf 87' lang='lat' dir='ltr'>de</span> <span class='ocrx_word' id='word_1_184' title='bbox 455 1884 750 1939; x_wconf 88' lang='lat' dir='ltr'>superioribus</span> <span class='ocrx_word' id='word_1_185' title='bbox 777 1884 976 1941; x_wconf 84' lang='lat' dir='ltr'>incipere,</span> <span class='ocrx_word' id='word_1_186' title='bbox 1017 1898 1054 1926; x_wconf 91' lang='lat' dir='ltr'>et</span> <span class='ocrx_word' id='word_1_187' title='bbox 1074 1887 1126 1926; x_wconf 89' lang='lat' dir='ltr'>ad</span> <span class='ocrx_word' id='word_1_188' title='bbox 1157 1884 1360 1925; x_wconf 80' lang='lat' dir='ltr'>inferiora</span> <span class='ocrx_word' id='word_1_189' title='bbox 1391 1885 1658 1925; x_wconf 87' lang='lat' dir='ltr'>descendere.</span> 
     </span>
     <span class='ocr_line' id='line_1_25' title="bbox 241 1961 1659 2017; baseline -0.001 -15"><span class='ocrx_word' id='word_1_190' title='bbox 241 1962 563 2017; x_wconf 87' lang='lat' dir='ltr'>Consequenter</span> <span class='ocrx_word' id='word_1_191' title='bbox 598 1961 723 2014; x_wconf 85' lang='lat' dir='ltr'>igitur</span> <span class='ocrx_word' id='word_1_192' title='bbox 765 1961 945 2017; x_wconf 84' lang='lat' dir='ltr'>Spiritus</span> <span class='ocrx_word' id='word_1_193' title='bbox 985 1962 1067 2002; x_wconf 89' lang='lat' dir='ltr'>Dei</span> <span class='ocrx_word' id='word_1_194' title='bbox 1107 1973 1146 2001; x_wconf 88' lang='lat' dir='ltr'>et</span> <span class='ocrx_word' id='word_1_195' title='bbox 1187 1977 1265 2017; x_wconf 84' lang='lat' dir='ltr'>per</span> <span class='ocrx_word' id='word_1_196' title='bbox 1296 1961 1470 2009; x_wconf 85' lang='lat' dir='ltr'>Mosen,</span> <span class='ocrx_word' id='word_1_197' title='bbox 1514 1972 1553 2000; x_wconf 89' lang='lat' dir='ltr'>et</span> <span class='ocrx_word' id='word_1_198' title='bbox 1582 1977 1659 2016; x_wconf 87' lang='lat' dir='ltr'>per</span> 
     </span>
    </p>
   </div>
   <div class='ocr_carea' id='block_1_3' title="bbox 238 2036 1660 2091">
    <p class='ocr_par' dir='ltr' id='par_1_4' title="bbox 238 2036 1660 2091">
     <span class='ocr_line' id='line_1_26' title="bbox 238 2036 1660 2091; baseline -0.001 -12"><span class='ocrx_word' id='word_1_199' title='bbox 238 2038 424 2080; x_wconf 86' lang='lat' dir='ltr'>Paulum</span> <span class='ocrx_word' id='word_1_200' title='bbox 452 2039 686 2090; x_wconf 81' lang='lat' dir='ltr'>ingentium</span> <span class='ocrx_word' id='word_1_201' title='bbox 716 2052 1080 2081; x_wconf 87' lang='lat' dir='ltr'>sacramentorum</span> <span class='ocrx_word' id='word_1_202' title='bbox 1112 2039 1263 2091; x_wconf 72' lang='lat' dir='ltr'>figuras</span> <span class='ocrx_word' id='word_1_203' title='bbox 1293 2036 1494 2079; x_wconf 83' lang='lat' dir='ltr'>enuntiat.</span> <span class='ocrx_word' id='word_1_204' title='bbox 1552 2037 1660 2078; x_wconf 79' lang='lat' dir='ltr'>Nam</span> 
     </span>
    </p>
   </div>
   <div class='ocr_carea' id='block_1_4' title="bbox 242 2243 1661 2472">
    <p class='ocr_par' dir='ltr' id='par_1_5' title="bbox 242 2243 1661 2472">
     <span class='ocr_line' id='line_1_27' title="bbox 360 2243 1659 2304; baseline -0.004 -14"><span class='ocrx_word' id='word_1_205' title='bbox 360 2250 404 2304; x_wconf 87' lang='lat'>¹)</span> <span class='ocrx_word' id='word_1_206' title='bbox 436 2247 508 2290; x_wconf 84' lang='lat' dir='ltr'>Sic</span> <span class='ocrx_word' id='word_1_207' title='bbox 538 2247 681 2288; x_wconf 91' lang='lat' dir='ltr'>Codd.</span> <span class='ocrx_word' id='word_1_208' title='bbox 711 2248 807 2288; x_wconf 82' lang='lat' dir='ltr'>Mss.</span> <span class='ocrx_word' id='word_1_209' title='bbox 839 2248 1128 2298; x_wconf 54' lang='lat' dir='ltr'>Eeb-acernis,</span> <span class='ocrx_word' id='word_1_210' title='bbox 1163 2244 1485 2292; x_wconf 80' lang='lat' dir='ltr'>Gemeticensis,</span> <span class='ocrx_word' id='word_1_211' title='bbox 1515 2243 1659 2285; x_wconf 86' lang='lat' dir='ltr'>Remi-</span> 
     </span>
     <span class='ocr_line' id='line_1_28' title="bbox 246 2300 1661 2358; baseline -0.004 -10"><span class='ocrx_word' id='word_1_212' title='bbox 246 2308 393 2358; x_wconf 83' lang='lat' dir='ltr'>gianus</span> <span class='ocrx_word' id='word_1_213' title='bbox 427 2318 467 2345; x_wconf 88' lang='lat' dir='ltr'>et</span> <span class='ocrx_word' id='word_1_214' title='bbox 495 2305 877 2357; x_wconf 82' lang='lat' dir='ltr'>Sangermanensis.</span> <span class='ocrx_word' id='word_1_215' title='bbox 946 2305 1063 2344; x_wconf 88' lang='lat' dir='ltr'>Libri</span> <span class='ocrx_word' id='word_1_216' title='bbox 1104 2321 1202 2345; x_wconf 68' lang='lat' dir='ltr'>vero</span> <span class='ocrx_word' id='word_1_217' title='bbox 1244 2315 1363 2343; x_wconf 86' lang='lat' dir='ltr'>antea</span> <span class='ocrx_word' id='word_1_218' title='bbox 1407 2300 1506 2341; x_wconf 80' lang='lat' dir='ltr'>editi</span> <span class='ocrx_word' id='word_1_219' title='bbox 1538 2301 1597 2355; x_wconf 76' lang='lat' dir='ltr'>(e.</span> <span class='ocrx_word' id='word_1_220' title='bbox 1632 2318 1661 2342; x_wconf 91' lang='lat' dir='ltr'>c.</span> 
     </span>
     <span class='ocr_line' id='line_1_29' title="bbox 245 2357 1660 2417; baseline -0.004 -14"><span class='ocrx_word' id='word_1_221' title='bbox 245 2364 340 2403; x_wconf 92' lang='lat' dir='ltr'>edd.</span> <span class='ocrx_word' id='word_1_222' title='bbox 370 2361 477 2416; x_wconf 79' lang='grc' dir='ltr'>Μ.);</span> <span class='ocrx_word' id='word_1_223' title='bbox 510 2362 804 2410; x_wconf 87' lang='lat' dir='ltr'>„obstaculum</span> <span class='ocrx_word' id='word_1_224' title='bbox 836 2373 975 2402; x_wconf 85' lang='lat' dir='ltr'>autem</span> <span class='ocrx_word' id='word_1_225' title='bbox 1007 2372 1046 2401; x_wconf 87' lang='lat' dir='ltr'>et</span> <span class='ocrx_word' id='word_1_226' title='bbox 1074 2359 1338 2417; x_wconf 85' lang='lat' dir='ltr'>impugnatio</span> <span class='ocrx_word' id='word_1_227' title='bbox 1372 2357 1456 2407; x_wconf 72' lang='lat' dir='ltr'>his,</span> <span class='ocrx_word' id='word_1_228' title='bbox 1489 2360 1562 2413; x_wconf 88' lang='lat' dir='ltr'>qui</span> <span class='ocrx_word' id='word_1_229' title='bbox 1593 2373 1660 2398; x_wconf 87' lang='lat' dir='ltr'>ex-</span> 
     </span>
     <span class='ocr_line' id='line_1_30' title="bbox 242 2416 891 2472; baseline -0.005 -12"><span class='ocrx_word' id='word_1_230' title='bbox 242 2420 445 2461; x_wconf 76' lang='lat' dir='ltr'>trinsecus</span> <span class='ocrx_word' id='word_1_231' title='bbox 473 2417 812 2472; x_wconf 82' lang='lat' dir='ltr'>superveniunt.“</span> <span class='ocrx_word' id='word_1_232' title='bbox 840 2416 891 2457; x_wconf 85' lang='lat' dir='ltr'>R.</span> 
     </span>
    </p>
   </div>
   <div class='ocr_carea' id='block_1_5' title="bbox 246 2486 1682 2867">
    <p class='ocr_par' dir='ltr' id='par_1_6' title="bbox 357 2486 1008 2542">
     <span class='ocr_line' id='line_1_31' title="bbox 357 2486 1008 2542; baseline -0.005 -14"><span class='ocrx_word' id='word_1_233' title='bbox 357 2489 403 2542; x_wconf 85' lang='lat'>²)</span> <span class='ocrx_word' id='word_1_234' title='bbox 437 2488 548 2528; x_wconf 85' lang='lat' dir='ltr'>Edd.</span> <span class='ocrx_word' id='word_1_235' title='bbox 577 2486 773 2527; x_wconf 82' lang='lat' dir='ltr'>Merlini:</span> <span class='ocrx_word' id='word_1_236' title='bbox 805 2486 1008 2527; x_wconf 88' lang='lat' dir='ltr'>linuntur.</span> 
     </span>
    </p>

    <p class='ocr_par' dir='ltr' id='par_1_7' title="bbox 360 2555 1000 2614">
     <span class='ocr_line' id='line_1_32' title="bbox 360 2555 1000 2614; baseline -0.005 -16"><span class='ocrx_word' id='word_1_237' title='bbox 360 2557 407 2614; x_wconf 78' lang='grc'>3)</span> <span class='ocrx_word' id='word_1_238' title='bbox 441 2558 528 2600; x_wconf 73' lang='lat' dir='ltr'>Cfr.</span> <span class='ocrx_word' id='word_1_239' title='bbox 559 2556 711 2596; x_wconf 76' lang='lat' dir='ltr'>Matth.</span> <span class='ocrx_word' id='word_1_240' title='bbox 743 2555 906 2604; x_wconf 84' lang='lat' dir='ltr'>XXIII,</span> <span class='ocrx_word' id='word_1_241' title='bbox 935 2557 1000 2597; x_wconf 84' lang='lat'>27.</span> 
     </span>
    </p>

    <p class='ocr_par' dir='ltr' id='par_1_8' title="bbox 358 2622 1606 2682">
     <span class='ocr_line' id='line_1_33' title="bbox 358 2622 1606 2682; baseline -0.006 -13"><span class='ocrx_word' id='word_1_242' title='bbox 358 2629 403 2682; x_wconf 71' lang='lat'>⁴)</span> <span class='ocrx_word' id='word_1_243' title='bbox 433 2628 544 2669; x_wconf 81' lang='lat' dir='ltr'>Edd.</span> <span class='ocrx_word' id='word_1_244' title='bbox 576 2627 769 2667; x_wconf 71' lang='lat' dir='ltr'>Mox-lini:</span> <span class='ocrx_word' id='word_1_245' title='bbox 801 2628 1057 2667; x_wconf 75' lang='lat' dir='ltr'>disseremus.</span> <span class='ocrx_word' id='word_1_246' title='bbox 1180 2623 1222 2679; x_wconf 85' lang='grc'>5)</span> <span class='ocrx_word' id='word_1_247' title='bbox 1253 2623 1407 2679; x_wconf 81' lang='lat' dir='ltr'>Ephes.</span> <span class='ocrx_word' id='word_1_248' title='bbox 1439 2622 1512 2674; x_wconf 84' lang='lat' dir='ltr'>III,</span> <span class='ocrx_word' id='word_1_249' title='bbox 1543 2623 1606 2666; x_wconf 67' lang='grc' dir='ltr'>18ι</span> 
     </span>
    </p>

    <p class='ocr_par' dir='ltr' id='par_1_9' title="bbox 360 2695 1413 2751">
     <span class='ocr_line' id='line_1_34' title="bbox 360 2695 1413 2751; baseline -0.003 -14"><span class='ocrx_word' id='word_1_250' title='bbox 360 2699 405 2751; x_wconf 71' lang='lat'>0)</span> <span class='ocrx_word' id='word_1_251' title='bbox 439 2699 603 2739; x_wconf 74' lang='lat' dir='ltr'>Desunt</span> <span class='ocrx_word' id='word_1_252' title='bbox 633 2698 778 2738; x_wconf 58' lang='lat' dir='ltr'>verbs:</span> <span class='ocrx_word' id='word_1_253' title='bbox 811 2709 876 2744; x_wconf 64' lang='lat' dir='ltr'>„ct</span> <span class='ocrx_word' id='word_1_254' title='bbox 906 2695 1122 2742; x_wconf 52' lang='lat' dir='ltr'>latitudof*</span> <span class='ocrx_word' id='word_1_255' title='bbox 1152 2695 1193 2735; x_wconf 86' lang='lat' dir='ltr'>in</span> <span class='ocrx_word' id='word_1_256' title='bbox 1227 2696 1320 2735; x_wconf 72' lang='lat' dir='ltr'>edd.</span> <span class='ocrx_word' id='word_1_257' title='bbox 1354 2695 1413 2734; x_wconf 72' lang='lat' dir='ltr'>M.</span> 
     </span>
    </p>

    <p class='ocr_par' dir='ltr' id='par_1_10' title="bbox 246 2760 1682 2867">
     <span class='ocr_line' id='line_1_35' title="bbox 360 2760 1682 2819; baseline -0.005 -11"><span class='ocrx_word' id='word_1_258' title='bbox 360 2769 404 2819; x_wconf 75' lang='grc'>7)</span> <span class='ocrx_word' id='word_1_259' title='bbox 435 2769 545 2808; x_wconf 75' lang='lat' dir='ltr'>Edd.</span> <span class='ocrx_word' id='word_1_260' title='bbox 577 2767 776 2809; x_wconf 59' lang='lat' dir='ltr'>Elei-lini:</span> <span class='ocrx_word' id='word_1_261' title='bbox 816 2766 930 2808; x_wconf 81' lang='lat' dir='ltr'>idem</span> <span class='ocrx_word' id='word_1_262' title='bbox 972 2765 1174 2818; x_wconf 69' lang='lat' dir='ltr'>signihcat</span> <span class='ocrx_word' id='word_1_263' title='bbox 1204 2778 1366 2807; x_wconf 81' lang='lat' dir='ltr'>tantum</span> <span class='ocrx_word' id='word_1_264' title='bbox 1396 2781 1499 2814; x_wconf 84' lang='lat' dir='ltr'>uon,</span> <span class='ocrx_word' id='word_1_265' title='bbox 1546 2760 1682 2818; x_wconf 61' lang='lat' dir='ltr'>quod&#39;</span> 
     </span>
     <span class='ocr_line' id='line_1_36' title="bbox 246 2826 529 2867; baseline -0.014 0"><span class='ocrx_word' id='word_1_266' title='bbox 246 2826 423 2867; x_wconf 71' lang='lat' dir='ltr'>altitudo</span> <span class='ocrx_word' id='word_1_267' title='bbox 457 2836 529 2865; x_wconf 79' lang='lat' dir='ltr'>etc.</span> 
     </span>
    </p>
   </div>
  </div>
 </body>
</html>
