<?xml version="1.0" encoding="UTF-8"?>
<!DOCTYPE html PUBLIC "-//W3C//DTD XHTML 1.0 Transitional//EN"
    "http://www.w3.org/TR/xhtml1/DTD/xhtml1-transitional.dtd">
<html xmlns="http://www.w3.org/1999/xhtml" xml:lang="en" lang="en">
 <head>
  <title>
</title>
<meta http-equiv="Content-Type" content="text/html;charset=utf-8" />
  <meta name='ocr-system' content='tesseract 3.04.00' />
  <meta name='ocr-capabilities' content='ocr_page ocr_carea ocr_par ocr_line ocrx_word'/>
</head>
<body>
  <div class='ocr_page' id='page_1' title='image "./operaomniaquaegr08orig_0151.png"; bbox 0 0 1764 3096; ppageno 0'>
   <div class='ocr_carea' id='block_1_1' title="bbox 503 111 1504 162">
    <p class='ocr_par' dir='ltr' id='par_1_1' title="bbox 503 111 1504 162">
     <span class='ocr_line' id='line_1_1' title="bbox 503 111 1504 162; baseline 0.004 -7"><span class='ocrx_word' id='word_1_1' title='bbox 503 127 547 156; x_wconf 74' lang='lat' dir='ltr'>m</span> <span class='ocrx_word' id='word_1_2' title='bbox 581 113 779 155; x_wconf 71' lang='lat' dir='ltr'>GENEsiN</span> <span class='ocrx_word' id='word_1_3' title='bbox 807 111 1008 154; x_wconf 82' lang='lat' dir='ltr'>HOMIL1A</span> <span class='ocrx_word' id='word_1_4' title='bbox 1039 114 1089 154; x_wconf 87' lang='lat' dir='ltr'>II.</span> <span class='ocrx_word' id='word_1_5' title='bbox 1421 118 1504 162; x_wconf 85' lang='lat'>139</span> 
     </span>
    </p>
   </div>
   <div class='ocr_carea' id='block_1_2' title="bbox 87 221 1515 2282">
    <p class='ocr_par' dir='ltr' id='par_1_2' title="bbox 87 221 1515 2282">
     <span class='ocr_line' id='line_1_2' title="bbox 92 221 1503 286; baseline -0.007 -16"><span class='ocrx_word' id='word_1_6' title='bbox 92 227 200 286; x_wconf 82' lang='lat' dir='ltr'>ejus:</span> <span class='ocrx_word' id='word_1_7' title='bbox 231 228 298 270; x_wconf 87' lang='lat' dir='ltr'>cui</span> <span class='ocrx_word' id='word_1_8' title='bbox 327 238 366 269; x_wconf 89' lang='lat' dir='ltr'>te</span> <span class='ocrx_word' id='word_1_9' title='bbox 394 226 572 269; x_wconf 87' lang='lat' dir='ltr'>similem</span> <span class='ocrx_word' id='word_1_10' title='bbox 600 223 698 265; x_wconf 84' lang='lat' dir='ltr'>facis</span> <span class='ocrx_word' id='word_1_11' title='bbox 727 223 772 264; x_wconf 87' lang='lat' dir='ltr'>in</span> <span class='ocrx_word' id='word_1_12' title='bbox 816 222 1067 264; x_wconf 78' lang='lat' dir='ltr'><strong>exaltatione</strong></span> <span class='ocrx_word' id='word_1_13' title='bbox 1094 221 1198 264; x_wconf 83' lang='lat' dir='ltr'>tua?</span> <span class='ocrx_word' id='word_1_14' title='bbox 1253 223 1386 275; x_wconf 84' lang='lat' dir='ltr'>Ecce,</span> <span class='ocrx_word' id='word_1_15' title='bbox 1427 229 1503 268; x_wconf 69' lang='lat' dir='ltr'>As-</span> 
     </span>
     <span class='ocr_line' id='line_1_3' title="bbox 90 299 1504 362; baseline -0.001 -16"><span class='ocrx_word' id='word_1_16' title='bbox 90 323 162 346; x_wconf 88' lang='lat' dir='ltr'>sur</span> <span class='ocrx_word' id='word_1_17' title='bbox 192 320 404 362; x_wconf 71' lang='lat' dir='ltr'>cypressus</span> <span class='ocrx_word' id='word_1_18' title='bbox 433 303 478 343; x_wconf 86' lang='lat' dir='ltr'>in</span> <span class='ocrx_word' id='word_1_19' title='bbox 508 300 695 348; x_wconf 87' lang='lat' dir='ltr'>Libano,</span> <span class='ocrx_word' id='word_1_20' title='bbox 725 299 940 355; x_wconf 84' lang='lat' dir='ltr'>speciosus</span> <span class='ocrx_word' id='word_1_21' title='bbox 961 300 1002 354; x_wconf 86' lang='lat'>¹)</span> <span class='ocrx_word' id='word_1_22' title='bbox 1033 301 1181 348; x_wconf 88' lang='lat' dir='ltr'>ramis,</span> <span class='ocrx_word' id='word_1_23' title='bbox 1212 312 1251 341; x_wconf 87' lang='lat' dir='ltr'>et</span> <span class='ocrx_word' id='word_1_24' title='bbox 1280 304 1504 346; x_wconf 89' lang='lat' dir='ltr'>condensis</span> 
     </span>
     <span class='ocr_line' id='line_1_4' title="bbox 92 376 1504 427; baseline -0.001 -5"><span class='ocrx_word' id='word_1_25' title='bbox 92 380 359 427; x_wconf 82' lang='lat' dir='ltr'>umbraculis,</span> <span class='ocrx_word' id='word_1_26' title='bbox 390 390 429 419; x_wconf 88' lang='lat' dir='ltr'>et</span> <span class='ocrx_word' id='word_1_27' title='bbox 458 378 638 419; x_wconf 84' lang='lat' dir='ltr'>excelsus</span> <span class='ocrx_word' id='word_1_28' title='bbox 668 377 712 417; x_wconf 86' lang='lat' dir='ltr'>in</span> <span class='ocrx_word' id='word_1_29' title='bbox 744 377 977 418; x_wconf 82' lang='lat' dir='ltr'><strong>altitudine.</strong></span> <span class='ocrx_word' id='word_1_30' title='bbox 1035 376 1151 418; x_wconf 78' lang='lat' dir='ltr'>Inter</span> <span class='ocrx_word' id='word_1_31' title='bbox 1179 378 1340 419; x_wconf 88' lang='lat' dir='ltr'>medias</span> <span class='ocrx_word' id='word_1_32' title='bbox 1368 382 1504 422; x_wconf 86' lang='lat' dir='ltr'>nubes</span> 
     </span>
     <span class='ocr_line' id='line_1_5' title="bbox 92 452 1504 514; baseline 0 -16"><span class='ocrx_word' id='word_1_33' title='bbox 92 461 248 498; x_wconf 84' lang='lat' dir='ltr'>sactum</span> <span class='ocrx_word' id='word_1_34' title='bbox 278 466 337 496; x_wconf 87' lang='lat' dir='ltr'>est</span> <span class='ocrx_word' id='word_1_35' title='bbox 366 470 569 495; x_wconf 82' lang='lat' dir='ltr'>cacumen</span> <span class='ocrx_word' id='word_1_36' title='bbox 601 452 710 508; x_wconf 87' lang='lat' dir='ltr'>ejus,</span> <span class='ocrx_word' id='word_1_37' title='bbox 741 469 851 508; x_wconf 87' lang='lat' dir='ltr'>aqua</span> <span class='ocrx_word' id='word_1_38' title='bbox 884 453 1078 495; x_wconf 80' lang='lat' dir='ltr'>enutrivit</span> <span class='ocrx_word' id='word_1_39' title='bbox 1109 470 1229 503; x_wconf 89' lang='lat' dir='ltr'>eum,</span> <span class='ocrx_word' id='word_1_40' title='bbox 1266 466 1306 495; x_wconf 88' lang='lat' dir='ltr'>et</span> <span class='ocrx_word' id='word_1_41' title='bbox 1334 456 1504 514; x_wconf 83' lang='lat' dir='ltr'>abyssus</span> 
     </span>
     <span class='ocr_line' id='line_1_6' title="bbox 91 529 1504 585; baseline 0 -11"><span class='ocrx_word' id='word_1_42' title='bbox 91 532 280 574; x_wconf 79' lang='lat' dir='ltr'>exaltavit</span> <span class='ocrx_word' id='word_1_43' title='bbox 309 547 427 580; x_wconf 90' lang='lat' dir='ltr'>eum,</span> <span class='ocrx_word' id='word_1_44' title='bbox 466 543 505 572; x_wconf 89' lang='lat' dir='ltr'>et</span> <span class='ocrx_word' id='word_1_45' title='bbox 544 530 717 572; x_wconf 81' lang='lat' dir='ltr'>adduxit</span> <span class='ocrx_word' id='word_1_46' title='bbox 757 529 901 571; x_wconf 75' lang='lat' dir='ltr'>omnIa</span> <span class='ocrx_word' id='word_1_47' title='bbox 942 529 1119 571; x_wconf 82' lang='lat' dir='ltr'>flumina</span> <span class='ocrx_word' id='word_1_48' title='bbox 1148 547 1223 572; x_wconf 90' lang='lat' dir='ltr'>sua</span> <span class='ocrx_word' id='word_1_49' title='bbox 1252 531 1362 573; x_wconf 89' lang='lat' dir='ltr'>circa</span> <span class='ocrx_word' id='word_1_50' title='bbox 1394 550 1504 585; x_wconf 85' lang='lat' dir='ltr'>eum,</span> 
     </span>
     <span class='ocr_line' id='line_1_7' title="bbox 92 605 1503 664; baseline 0.001 -13"><span class='ocrx_word' id='word_1_51' title='bbox 92 622 131 651; x_wconf 86' lang='lat' dir='ltr'>et</span> <span class='ocrx_word' id='word_1_52' title='bbox 159 608 502 660; x_wconf 79' lang='lat' dir='ltr'>congregationes</span> <span class='ocrx_word' id='word_1_53' title='bbox 532 623 624 648; x_wconf 88' lang='lat' dir='ltr'>suas</span> <span class='ocrx_word' id='word_1_54' title='bbox 657 606 791 648; x_wconf 80' lang='lat' dir='ltr'>emisit</span> <span class='ocrx_word' id='word_1_55' title='bbox 820 607 873 646; x_wconf 89' lang='lat' dir='ltr'>ad</span> <span class='ocrx_word' id='word_1_56' title='bbox 906 605 1048 647; x_wconf 89' lang='lat' dir='ltr'>omnia</span> <span class='ocrx_word' id='word_1_57' title='bbox 1070 607 1181 658; x_wconf 85' lang='lat' dir='ltr'>ligna</span> <span class='ocrx_word' id='word_1_58' title='bbox 1200 609 1351 664; x_wconf 87' lang='lat' dir='ltr'>campi.</span> <span class='ocrx_word' id='word_1_59' title='bbox 1396 610 1503 653; x_wconf 91' lang='lat' dir='ltr'>Pro—</span> 
     </span>
     <span class='ocr_line' id='line_1_8' title="bbox 88 680 1507 744; baseline 0.004 -19"><span class='ocrx_word' id='word_1_60' title='bbox 88 697 230 741; x_wconf 79' lang='lat' dir='ltr'><strong>pterea</strong></span> <span class='ocrx_word' id='word_1_61' title='bbox 261 685 436 725; x_wconf 81' lang='lat' dir='ltr'>exaltata</span> <span class='ocrx_word' id='word_1_62' title='bbox 467 695 526 726; x_wconf 84' lang='lat' dir='ltr'>est</span> <span class='ocrx_word' id='word_1_63' title='bbox 556 683 733 724; x_wconf 81' lang='lat' dir='ltr'>altitudo</span> <span class='ocrx_word' id='word_1_64' title='bbox 767 680 852 738; x_wconf 81' lang='lat' dir='ltr'>ejus</span> <span class='ocrx_word' id='word_1_65' title='bbox 875 698 1004 737; x_wconf 89' lang='lat' dir='ltr'>super</span> <span class='ocrx_word' id='word_1_66' title='bbox 1024 685 1169 724; x_wconf 83' lang='lat' dir='ltr'>omnia</span> <span class='ocrx_word' id='word_1_67' title='bbox 1193 685 1302 736; x_wconf 84' lang='lat' dir='ltr'>ligna</span> <span class='ocrx_word' id='word_1_68' title='bbox 1326 689 1507 744; x_wconf 86' lang='lat' dir='ltr'>campi.“</span> 
     </span>
     <span class='ocr_line' id='line_1_9' title="bbox 88 759 1508 817; baseline 0.003 -14"><span class='ocrx_word' id='word_1_69' title='bbox 88 762 142 802; x_wconf 85' lang='lat' dir='ltr'>Et</span> <span class='ocrx_word' id='word_1_70' title='bbox 171 773 267 817; x_wconf 82' lang='lat' dir='ltr'>post</span> <span class='ocrx_word' id='word_1_71' title='bbox 295 776 432 816; x_wconf 86' lang='lat' dir='ltr'>pauca</span> <span class='ocrx_word' id='word_1_72' title='bbox 464 759 586 801; x_wconf 86' lang='lat' dir='ltr'>dicit:</span> <span class='ocrx_word' id='word_1_73' title='bbox 617 759 888 815; x_wconf 70' lang='lat' dir='ltr'>‚,c)·pressi²)</span> <span class='ocrx_word' id='word_1_74' title='bbox 921 760 1078 800; x_wconf 84' lang='lat' dir='ltr'>multae</span> <span class='ocrx_word' id='word_1_75' title='bbox 1106 761 1151 800; x_wconf 88' lang='lat' dir='ltr'>in</span> <span class='ocrx_word' id='word_1_76' title='bbox 1180 764 1378 816; x_wconf 79' lang='lat' dir='ltr'>paradiso</span> <span class='ocrx_word' id='word_1_77' title='bbox 1410 766 1508 817; x_wconf 78' lang='lat' dir='ltr'>Dei,</span> 
     </span>
     <span class='ocr_line' id='line_1_10' title="bbox 87 835 1508 894; baseline 0.003 -15"><span class='ocrx_word' id='word_1_78' title='bbox 87 850 128 880; x_wconf 85' lang='lat' dir='ltr'>et</span> <span class='ocrx_word' id='word_1_79' title='bbox 157 838 246 894; x_wconf 87' lang='lat' dir='ltr'>pini</span> <span class='ocrx_word' id='word_1_80' title='bbox 290 854 380 878; x_wconf 88' lang='lat' dir='ltr'>non</span> <span class='ocrx_word' id='word_1_81' title='bbox 408 848 506 878; x_wconf 87' lang='lat' dir='ltr'>sunt</span> <span class='ocrx_word' id='word_1_82' title='bbox 535 836 689 878; x_wconf 85' lang='lat' dir='ltr'>similes</span> <span class='ocrx_word' id='word_1_83' title='bbox 719 836 845 877; x_wconf 85' lang='lat' dir='ltr'>ramis</span> <span class='ocrx_word' id='word_1_84' title='bbox 878 835 990 892; x_wconf 87' lang='lat' dir='ltr'>ejus,</span> <span class='ocrx_word' id='word_1_85' title='bbox 1031 848 1070 877; x_wconf 80' lang='lat' dir='ltr'>et</span> <span class='ocrx_word' id='word_1_86' title='bbox 1110 837 1263 880; x_wconf 85' lang='lat' dir='ltr'>abietes</span> <span class='ocrx_word' id='word_1_87' title='bbox 1294 858 1385 881; x_wconf 91' lang='lat' dir='ltr'>non</span> <span class='ocrx_word' id='word_1_88' title='bbox 1416 844 1508 885; x_wconf 84' lang='lat' dir='ltr'>fue-</span> 
     </span>
     <span class='ocr_line' id='line_1_11' title="bbox 90 912 1508 968; baseline -0.002 -12"><span class='ocrx_word' id='word_1_89' title='bbox 90 927 189 957; x_wconf 87' lang='lat' dir='ltr'>runt</span> <span class='ocrx_word' id='word_1_90' title='bbox 218 913 371 956; x_wconf 81' lang='lat' dir='ltr'>similes</span> <span class='ocrx_word' id='word_1_91' title='bbox 403 913 451 955; x_wconf 88' lang='lat' dir='ltr'>ei.</span> <span class='ocrx_word' id='word_1_92' title='bbox 513 912 657 955; x_wconf 83' lang='lat' dir='ltr'>Omne</span> <span class='ocrx_word' id='word_1_93' title='bbox 686 914 847 966; x_wconf 85' lang='lat' dir='ltr'>lignum</span> <span class='ocrx_word' id='word_1_94' title='bbox 887 913 932 954; x_wconf 87' lang='lat' dir='ltr'>in</span> <span class='ocrx_word' id='word_1_95' title='bbox 963 914 1159 968; x_wconf 83' lang='lat' dir='ltr'>paradiso</span> <span class='ocrx_word' id='word_1_96' title='bbox 1191 916 1274 956; x_wconf 81' lang='lat' dir='ltr'>Dei</span> <span class='ocrx_word' id='word_1_97' title='bbox 1313 935 1402 959; x_wconf 89' lang='lat' dir='ltr'>non</span> <span class='ocrx_word' id='word_1_98' title='bbox 1444 936 1508 963; x_wconf 82' lang='lat' dir='ltr'>as-</span> 
     </span>
     <span class='ocr_line' id='line_1_12' title="bbox 87 990 1507 1050; baseline 0.004 -18"><span class='ocrx_word' id='word_1_99' title='bbox 87 991 314 1034; x_wconf 84' lang='lat' dir='ltr'>similatum</span> <span class='ocrx_word' id='word_1_100' title='bbox 347 1003 404 1033; x_wconf 85' lang='lat' dir='ltr'>est</span> <span class='ocrx_word' id='word_1_101' title='bbox 435 990 485 1040; x_wconf 86' lang='lat' dir='ltr'>ei,</span> <span class='ocrx_word' id='word_1_102' title='bbox 517 1001 556 1031; x_wconf 84' lang='lat' dir='ltr'>et</span> <span class='ocrx_word' id='word_1_103' title='bbox 585 992 714 1031; x_wconf 86' lang='lat' dir='ltr'>zelata</span> <span class='ocrx_word' id='word_1_104' title='bbox 745 1001 841 1031; x_wconf 89' lang='lat' dir='ltr'>sunt</span> <span class='ocrx_word' id='word_1_105' title='bbox 872 1005 969 1030; x_wconf 88' lang='lat' dir='ltr'>eum</span> <span class='ocrx_word' id='word_1_106' title='bbox 1002 992 1146 1032; x_wconf 86' lang='lat' dir='ltr'>omnia</span> <span class='ocrx_word' id='word_1_107' title='bbox 1177 993 1289 1044; x_wconf 81' lang='lat' dir='ltr'>ligna</span> <span class='ocrx_word' id='word_1_108' title='bbox 1322 998 1507 1050; x_wconf 82' lang='lat' dir='ltr'>paradisi</span> 
     </span>
     <span class='ocr_line' id='line_1_13' title="bbox 91 1066 1508 1127; baseline 0.005 -18"><span class='ocrx_word' id='word_1_109' title='bbox 91 1069 327 1110; x_wconf 81' lang='lat' dir='ltr'>delitiarum</span> <span class='ocrx_word' id='word_1_110' title='bbox 357 1068 481 1108; x_wconf 83' lang='lat' dir='ltr'>Dei.“</span> <span class='ocrx_word' id='word_1_111' title='bbox 539 1066 871 1116; x_wconf 84' lang='lat' dir='ltr'>Animadvertis,</span> <span class='ocrx_word' id='word_1_112' title='bbox 921 1068 973 1108; x_wconf 87' lang='lat' dir='ltr'>de</span> <span class='ocrx_word' id='word_1_113' title='bbox 1014 1069 1167 1123; x_wconf 87' lang='lat' dir='ltr'>quibus</span> <span class='ocrx_word' id='word_1_114' title='bbox 1208 1072 1271 1112; x_wconf 73' lang='lat' dir='ltr'>vel</span> <span class='ocrx_word' id='word_1_115' title='bbox 1314 1074 1508 1127; x_wconf 84' lang='lat' dir='ltr'>qualibus</span> 
     </span>
     <span class='ocr_line' id='line_1_14' title="bbox 89 1144 1507 1206; baseline 0.002 -20"><span class='ocrx_word' id='word_1_116' title='bbox 89 1145 210 1198; x_wconf 81' lang='lat' dir='ltr'>lignis</span> <span class='ocrx_word' id='word_1_117' title='bbox 252 1147 364 1188; x_wconf 89' lang='lat' dir='ltr'>dicat</span> <span class='ocrx_word' id='word_1_118' title='bbox 401 1144 645 1201; x_wconf 76' lang='lat' dir='ltr'>propheta?</span> <span class='ocrx_word' id='word_1_119' title='bbox 689 1145 913 1200; x_wconf 86' lang='lat' dir='ltr'>quomodo</span> <span class='ocrx_word' id='word_1_120' title='bbox 957 1145 1224 1201; x_wconf 79' lang='lat' dir='ltr'>describat3)</span> <span class='ocrx_word' id='word_1_121' title='bbox 1267 1157 1507 1206; x_wconf 67' lang='lat' dir='ltr'>cypressum</span> 
     </span>
     <span class='ocr_line' id='line_1_15' title="bbox 90 1222 1510 1277; baseline 0.005 -15"><span class='ocrx_word' id='word_1_122' title='bbox 90 1223 254 1271; x_wconf 83' lang='lat' dir='ltr'>Libani,</span> <span class='ocrx_word' id='word_1_123' title='bbox 286 1223 354 1264; x_wconf 86' lang='lat' dir='ltr'>cui</span> <span class='ocrx_word' id='word_1_124' title='bbox 387 1223 531 1263; x_wconf 88' lang='lat' dir='ltr'>omnia</span> <span class='ocrx_word' id='word_1_125' title='bbox 563 1223 685 1274; x_wconf 83' lang='lat' dir='ltr'>ligna,</span> <span class='ocrx_word' id='word_1_126' title='bbox 717 1238 825 1277; x_wconf 87' lang='lat' dir='ltr'>quae</span> <span class='ocrx_word' id='word_1_127' title='bbox 854 1222 897 1262; x_wconf 87' lang='lat' dir='ltr'>in</span> <span class='ocrx_word' id='word_1_128' title='bbox 928 1223 1126 1277; x_wconf 81' lang='lat' dir='ltr'>paradiso</span> <span class='ocrx_word' id='word_1_129' title='bbox 1147 1224 1230 1265; x_wconf 85' lang='lat' dir='ltr'>Dei</span> <span class='ocrx_word' id='word_1_130' title='bbox 1247 1239 1357 1276; x_wconf 88' lang='lat' dir='ltr'>sunt,</span> <span class='ocrx_word' id='word_1_131' title='bbox 1391 1245 1510 1269; x_wconf 87' lang='lat' dir='ltr'>com-</span> 
     </span>
     <span class='ocr_line' id='line_1_16' title="bbox 91 1298 1509 1356; baseline 0.005 -17"><span class='ocrx_word' id='word_1_132' title='bbox 91 1299 231 1354; x_wconf 79' lang='lat' dir='ltr'>parari</span> <span class='ocrx_word' id='word_1_133' title='bbox 259 1315 349 1339; x_wconf 91' lang='lat' dir='ltr'>non</span> <span class='ocrx_word' id='word_1_134' title='bbox 380 1298 570 1354; x_wconf 86' lang='lat' dir='ltr'>possint?</span> <span class='ocrx_word' id='word_1_135' title='bbox 626 1299 681 1339; x_wconf 86' lang='lat' dir='ltr'>Et</span> <span class='ocrx_word' id='word_1_136' title='bbox 721 1299 887 1339; x_wconf 86' lang='lat' dir='ltr'>addidit</span> <span class='ocrx_word' id='word_1_137' title='bbox 925 1299 1050 1339; x_wconf 84' lang='lat' dir='ltr'>etiam</span> <span class='ocrx_word' id='word_1_138' title='bbox 1092 1300 1176 1340; x_wconf 87' lang='lat' dir='ltr'>hoc</span> <span class='ocrx_word' id='word_1_139' title='bbox 1215 1304 1269 1343; x_wconf 88' lang='lat' dir='ltr'>ad</span> <span class='ocrx_word' id='word_1_140' title='bbox 1299 1305 1509 1356; x_wconf 83' lang='lat' dir='ltr'>ultimum,</span> 
     </span>
     <span class='ocr_line' id='line_1_17' title="bbox 92 1374 1513 1431; baseline 0.006 -16"><span class='ocrx_word' id='word_1_141' title='bbox 92 1376 209 1431; x_wconf 89' lang='lat' dir='ltr'>quod</span> <span class='ocrx_word' id='word_1_142' title='bbox 242 1375 386 1416; x_wconf 87' lang='lat' dir='ltr'>omnia</span> <span class='ocrx_word' id='word_1_143' title='bbox 416 1375 541 1427; x_wconf 83' lang='lat' dir='ltr'>ligna,</span> <span class='ocrx_word' id='word_1_144' title='bbox 572 1391 680 1430; x_wconf 86' lang='lat' dir='ltr'>quae</span> <span class='ocrx_word' id='word_1_145' title='bbox 708 1386 806 1417; x_wconf 88' lang='lat' dir='ltr'>sunt</span> <span class='ocrx_word' id='word_1_146' title='bbox 834 1375 877 1416; x_wconf 85' lang='lat' dir='ltr'>in</span> <span class='ocrx_word' id='word_1_147' title='bbox 909 1374 1107 1430; x_wconf 81' lang='lat' dir='ltr'>paradiso</span> <span class='ocrx_word' id='word_1_148' title='bbox 1138 1377 1242 1427; x_wconf 86' lang='lat' dir='ltr'>Dei,</span> <span class='ocrx_word' id='word_1_149' title='bbox 1271 1382 1401 1424; x_wconf 88' lang='lat' dir='ltr'>zelata</span> <span class='ocrx_word' id='word_1_150' title='bbox 1430 1384 1513 1425; x_wconf 87' lang='lat' dir='ltr'>sint</span> 
     </span>
     <span class='ocr_line' id='line_1_18' title="bbox 93 1452 1513 1512; baseline 0.007 -20"><span class='ocrx_word' id='word_1_151' title='bbox 93 1468 198 1502; x_wconf 82' lang='lat' dir='ltr'>cam,</span> <span class='ocrx_word' id='word_1_152' title='bbox 229 1452 446 1493; x_wconf 87' lang='lat' dir='ltr'>evidenter</span> <span class='ocrx_word' id='word_1_153' title='bbox 476 1453 700 1493; x_wconf 86' lang='lat' dir='ltr'>ostendens</span> <span class='ocrx_word' id='word_1_154' title='bbox 730 1453 964 1493; x_wconf 86' lang='lat' dir='ltr'>secundum</span> <span class='ocrx_word' id='word_1_155' title='bbox 995 1453 1257 1506; x_wconf 84' lang='lat' dir='ltr'>spiritualem</span> <span class='ocrx_word' id='word_1_156' title='bbox 1275 1457 1513 1512; x_wconf 81' lang='lat' dir='ltr'>intelligen-</span> 
     </span>
     <span class='ocr_line' id='line_1_19' title="bbox 92 1528 1511 1584; baseline 0.007 -15"><span class='ocrx_word' id='word_1_157' title='bbox 92 1529 191 1570; x_wconf 82' lang='lat' dir='ltr'>tiam</span> <span class='ocrx_word' id='word_1_158' title='bbox 224 1528 489 1570; x_wconf 82' lang='lat' dir='ltr'>rationabilia</span> <span class='ocrx_word' id='word_1_159' title='bbox 522 1528 606 1569; x_wconf 82' lang='lat' dir='ltr'>dici</span> <span class='ocrx_word' id='word_1_160' title='bbox 647 1530 761 1581; x_wconf 85' lang='lat' dir='ltr'>ligna</span> <span class='ocrx_word' id='word_1_161' title='bbox 781 1559 791 1577; x_wconf 89' lang='lat'>,</span> <span class='ocrx_word' id='word_1_162' title='bbox 831 1545 940 1584; x_wconf 89' lang='lat' dir='ltr'>quae</span> <span class='ocrx_word' id='word_1_163' title='bbox 978 1530 1021 1570; x_wconf 89' lang='lat' dir='ltr'>in</span> <span class='ocrx_word' id='word_1_164' title='bbox 1052 1531 1248 1584; x_wconf 78' lang='lat' dir='ltr'>paradiso</span> <span class='ocrx_word' id='word_1_165' title='bbox 1280 1534 1363 1575; x_wconf 90' lang='lat' dir='ltr'>Dei</span> <span class='ocrx_word' id='word_1_166' title='bbox 1392 1550 1511 1579; x_wconf 86' lang='lat' dir='ltr'>sunt:</span> 
     </span>
     <span class='ocr_line' id='line_1_20' title="bbox 94 1605 1514 1661; baseline 0.007 -15"><span class='ocrx_word' id='word_1_167' title='bbox 94 1607 255 1661; x_wconf 83' lang='lat' dir='ltr'>quippe</span> <span class='ocrx_word' id='word_1_168' title='bbox 291 1605 334 1646; x_wconf 83' lang='lat' dir='ltr'>in</span> <span class='ocrx_word' id='word_1_169' title='bbox 378 1605 531 1660; x_wconf 88' lang='lat' dir='ltr'>quibus</span> <span class='ocrx_word' id='word_1_170' title='bbox 568 1605 895 1646; x_wconf 87' lang='lat' dir='ltr'>aemulationem</span> <span class='ocrx_word' id='word_1_171' title='bbox 936 1608 1151 1661; x_wconf 90' lang='lat' dir='ltr'>quandam</span> <span class='ocrx_word' id='word_1_172' title='bbox 1189 1609 1389 1653; x_wconf 87' lang='lat' dir='ltr'>describit</span> <span class='ocrx_word' id='word_1_173' title='bbox 1428 1630 1514 1655; x_wconf 86' lang='lat' dir='ltr'>esse</span> 
     </span>
     <span class='ocr_line' id='line_1_21' title="bbox 92 1681 1513 1745; baseline 0.006 -22"><span class='ocrx_word' id='word_1_174' title='bbox 92 1683 314 1723; x_wconf 87' lang='lat' dir='ltr'>adversum</span> <span class='ocrx_word' id='word_1_175' title='bbox 345 1697 392 1722; x_wconf 85' lang='lat' dir='ltr'>ea</span> <span class='ocrx_word' id='word_1_176' title='bbox 421 1681 544 1733; x_wconf 85' lang='lat' dir='ltr'>ligna,</span> <span class='ocrx_word' id='word_1_177' title='bbox 575 1697 684 1737; x_wconf 88' lang='lat' dir='ltr'>quae</span> <span class='ocrx_word' id='word_1_178' title='bbox 713 1693 810 1723; x_wconf 89' lang='lat' dir='ltr'>sunt</span> <span class='ocrx_word' id='word_1_179' title='bbox 849 1682 893 1723; x_wconf 92' lang='lat' dir='ltr'>in</span> <span class='ocrx_word' id='word_1_180' title='bbox 924 1684 1116 1725; x_wconf 61' lang='lat' dir='ltr'>Libana·</span> <span class='ocrx_word' id='word_1_181' title='bbox 1164 1686 1302 1737; x_wconf 87' lang='lat' dir='ltr'>Unde,</span> <span class='ocrx_word' id='word_1_182' title='bbox 1333 1688 1438 1745; x_wconf 76' lang='lat' dir='ltr'>ut4)</span> <span class='ocrx_word' id='word_1_183' title='bbox 1474 1704 1513 1733; x_wconf 85' lang='lat' dir='ltr'>et</span> 
     </span>
     <span class='ocr_line' id='line_1_22' title="bbox 94 1757 1512 1817; baseline 0.007 -18"><span class='ocrx_word' id='word_1_184' title='bbox 94 1775 270 1800; x_wconf 83' lang='lat' dir='ltr'>excursu</span> <span class='ocrx_word' id='word_1_185' title='bbox 301 1757 427 1800; x_wconf 85' lang='lat' dir='ltr'>etiam</span> <span class='ocrx_word' id='word_1_186' title='bbox 457 1759 543 1800; x_wconf 90' lang='lat' dir='ltr'>hoc</span> <span class='ocrx_word' id='word_1_187' title='bbox 584 1759 799 1809; x_wconf 79' lang='lat' dir='ltr'>dicamus,</span> <span class='ocrx_word' id='word_1_188' title='bbox 843 1761 1066 1802; x_wconf 85' lang='lat' dir='ltr'>considera</span> <span class='ocrx_word' id='word_1_189' title='bbox 1097 1779 1152 1803; x_wconf 90' lang='lat' dir='ltr'>ne</span> <span class='ocrx_word' id='word_1_190' title='bbox 1180 1765 1294 1805; x_wconf 85' lang='lat' dir='ltr'>forte</span> <span class='ocrx_word' id='word_1_191' title='bbox 1324 1777 1364 1806; x_wconf 86' lang='lat' dir='ltr'>et</span> <span class='ocrx_word' id='word_1_192' title='bbox 1390 1767 1512 1817; x_wconf 85' lang='lat' dir='ltr'>illud,</span> 
     </span>
     <span class='ocr_line' id='line_1_23' title="bbox 93 1835 1513 1900; baseline 0.007 -25"><span class='ocrx_word' id='word_1_193' title='bbox 93 1837 210 1891; x_wconf 88' lang='lat' dir='ltr'>quod</span> <span class='ocrx_word' id='word_1_194' title='bbox 241 1835 446 1891; x_wconf 88' lang='lat' dir='ltr'>scriptum</span> <span class='ocrx_word' id='word_1_195' title='bbox 479 1848 549 1887; x_wconf 88' lang='lat' dir='ltr'>est,</span> <span class='ocrx_word' id='word_1_196' title='bbox 581 1837 678 1892; x_wconf 90' lang='lat' dir='ltr'>quia</span> <span class='ocrx_word' id='word_1_197' title='bbox 707 1837 1045 1894; x_wconf 56' lang='lat' dir='ltr'>„maledictus-5)</span> <span class='ocrx_word' id='word_1_198' title='bbox 1077 1855 1099 1880; x_wconf 88' lang='lat' dir='ltr'>a</span> <span class='ocrx_word' id='word_1_199' title='bbox 1128 1839 1224 1882; x_wconf 90' lang='lat' dir='ltr'>Deo</span> <span class='ocrx_word' id='word_1_200' title='bbox 1257 1844 1409 1893; x_wconf 83' lang='lat' dir='ltr'>omnis,</span> <span class='ocrx_word' id='word_1_201' title='bbox 1440 1847 1513 1900; x_wconf 84' lang='lat' dir='ltr'>qui</span> 
     </span>
     <span class='ocr_line' id='line_1_24' title="bbox 92 1913 1512 1971; baseline 0.006 -18"><span class='ocrx_word' id='word_1_202' title='bbox 92 1914 252 1968; x_wconf 87' lang='lat' dir='ltr'>pendet</span> <span class='ocrx_word' id='word_1_203' title='bbox 278 1914 324 1954; x_wconf 83' lang='lat' dir='ltr'>in</span> <span class='ocrx_word' id='word_1_204' title='bbox 352 1913 516 1966; x_wconf 82' lang='lat' dir='ltr'>ligno,“</span> <span class='ocrx_word' id='word_1_205' title='bbox 545 1914 603 1956; x_wconf 86' lang='lat' dir='ltr'>sic</span> <span class='ocrx_word' id='word_1_206' title='bbox 634 1915 787 1956; x_wconf 83' lang='lat' dir='ltr'>debeat</span> <span class='ocrx_word' id='word_1_207' title='bbox 815 1914 1010 1966; x_wconf 84' lang='lat' dir='ltr'>intelligi,</span> <span class='ocrx_word' id='word_1_208' title='bbox 1048 1920 1274 1971; x_wconf 87' lang='lat' dir='ltr'>quomodo</span> <span class='ocrx_word' id='word_1_209' title='bbox 1309 1931 1348 1960; x_wconf 88' lang='lat' dir='ltr'>et</span> <span class='ocrx_word' id='word_1_210' title='bbox 1376 1922 1512 1971; x_wconf 70' lang='lat' dir='ltr'>illlud,</span> 
     </span>
     <span class='ocr_line' id='line_1_25' title="bbox 96 1989 1512 2054; baseline 0.008 -25"><span class='ocrx_word' id='word_1_211' title='bbox 96 1991 216 2044; x_wconf 89' lang='lat' dir='ltr'>quod</span> <span class='ocrx_word' id='word_1_212' title='bbox 247 1989 349 2030; x_wconf 86' lang='lat' dir='ltr'>alibi</span> <span class='ocrx_word' id='word_1_213' title='bbox 379 1990 540 2031; x_wconf 88' lang='lat' dir='ltr'>dietum</span> <span class='ocrx_word' id='word_1_214' title='bbox 581 2003 662 2033; x_wconf 86' lang='lat' dir='ltr'>est:</span> <span class='ocrx_word' id='word_1_215' title='bbox 706 1992 981 2041; x_wconf 86' lang='lat' dir='ltr'>„maledictus</span> <span class='ocrx_word' id='word_1_216' title='bbox 998 1993 1042 2048; x_wconf 76' lang='lat'>⁶)</span> <span class='ocrx_word' id='word_1_217' title='bbox 1087 1994 1244 2044; x_wconf 90' lang='lat' dir='ltr'>homo,</span> <span class='ocrx_word' id='word_1_218' title='bbox 1284 1998 1355 2052; x_wconf 85' lang='lat' dir='ltr'>qui</span> <span class='ocrx_word' id='word_1_219' title='bbox 1393 2015 1512 2054; x_wconf 85' lang='lat' dir='ltr'>spem</span> 
     </span>
     <span class='ocr_line' id='line_1_26' title="bbox 96 2058 1515 2126; baseline 0.008 -20"><span class='ocrx_word' id='word_1_220' title='bbox 96 2066 224 2108; x_wconf 85' lang='lat' dir='ltr'>habet</span> <span class='ocrx_word' id='word_1_221' title='bbox 251 2066 295 2108; x_wconf 88' lang='lat' dir='ltr'>in</span> <span class='ocrx_word' id='word_1_222' title='bbox 326 2066 541 2109; x_wconf 84' lang='lat' dir='ltr'>homine.“</span> <span class='ocrx_word' id='word_1_223' title='bbox 596 2058 791 2109; x_wconf 86' lang='lat' dir='ltr'>Pendere</span> <span class='ocrx_word' id='word_1_224' title='bbox 829 2069 940 2110; x_wconf 87' lang='lat' dir='ltr'>enim</span> <span class='ocrx_word' id='word_1_225' title='bbox 970 2069 1014 2110; x_wconf 90' lang='lat' dir='ltr'>in</span> <span class='ocrx_word' id='word_1_226' title='bbox 1044 2072 1137 2112; x_wconf 88' lang='lat' dir='ltr'>solo</span> <span class='ocrx_word' id='word_1_227' title='bbox 1170 2072 1268 2113; x_wconf 90' lang='lat' dir='ltr'>Deo</span> <span class='ocrx_word' id='word_1_228' title='bbox 1299 2075 1515 2126; x_wconf 87' lang='lat' dir='ltr'>debemus,</span> 
     </span>
     <span class='ocr_line' id='line_1_27' title="bbox 99 2142 1514 2208; baseline 0.007 -24"><span class='ocrx_word' id='word_1_229' title='bbox 99 2155 138 2184; x_wconf 89' lang='lat' dir='ltr'>et</span> <span class='ocrx_word' id='word_1_230' title='bbox 166 2144 211 2185; x_wconf 90' lang='lat' dir='ltr'>in</span> <span class='ocrx_word' id='word_1_231' title='bbox 239 2144 358 2184; x_wconf 76' lang='lat' dir='ltr'>nullo</span> <span class='ocrx_word' id='word_1_232' title='bbox 391 2142 489 2199; x_wconf 87' lang='lat' dir='ltr'>alio,</span> <span class='ocrx_word' id='word_1_233' title='bbox 520 2143 642 2186; x_wconf 86' lang='lat' dir='ltr'>etiam</span> <span class='ocrx_word' id='word_1_234' title='bbox 673 2146 707 2187; x_wconf 90' lang='lat' dir='ltr'>si</span> <span class='ocrx_word' id='word_1_235' title='bbox 732 2148 783 2187; x_wconf 90' lang='lat' dir='ltr'>de</span> <span class='ocrx_word' id='word_1_236' title='bbox 813 2146 1010 2201; x_wconf 86' lang='lat' dir='ltr'>paradiso</span> <span class='ocrx_word' id='word_1_237' title='bbox 1043 2147 1126 2189; x_wconf 90' lang='lat' dir='ltr'>Dei</span> <span class='ocrx_word' id='word_1_238' title='bbox 1154 2153 1392 2203; x_wconf 85' lang='lat' dir='ltr'>procedere</span> <span class='ocrx_word' id='word_1_239' title='bbox 1423 2156 1514 2208; x_wconf 76' lang='lat' dir='ltr'>quis</span> 
     </span>
     <span class='ocr_line' id='line_1_28' title="bbox 98 2219 1512 2282; baseline 0.001 -20"><span class='ocrx_word' id='word_1_240' title='bbox 98 2221 274 2270; x_wconf 88' lang='lat' dir='ltr'>dicatur,</span> <span class='ocrx_word' id='word_1_241' title='bbox 303 2219 410 2261; x_wconf 88' lang='lat' dir='ltr'>sicut</span> <span class='ocrx_word' id='word_1_242' title='bbox 441 2231 480 2261; x_wconf 89' lang='lat' dir='ltr'>et</span> <span class='ocrx_word' id='word_1_243' title='bbox 509 2221 666 2262; x_wconf 88' lang='lat' dir='ltr'>Paulus</span> <span class='ocrx_word' id='word_1_244' title='bbox 698 2222 819 2264; x_wconf 84' lang='lat' dir='ltr'>dicit:</span> <span class='ocrx_word' id='word_1_245' title='bbox 849 2222 1000 2273; x_wconf 88' lang='lat' dir='ltr'>„etiam</span> <span class='ocrx_word' id='word_1_246' title='bbox 1018 2222 1063 2278; x_wconf 77' lang='lat'>⁷)</span> <span class='ocrx_word' id='word_1_247' title='bbox 1102 2225 1135 2266; x_wconf 90' lang='lat' dir='ltr'>si</span> <span class='ocrx_word' id='word_1_248' title='bbox 1164 2243 1256 2276; x_wconf 91' lang='lat' dir='ltr'>nos,</span> <span class='ocrx_word' id='word_1_249' title='bbox 1288 2240 1359 2269; x_wconf 90' lang='lat' dir='ltr'>aut</span> <span class='ocrx_word' id='word_1_250' title='bbox 1388 2246 1512 2282; x_wconf 57' lang='lat' dir='ltr'>ange-</span> 
     </span>
    </p>
   </div>
   <div class='ocr_carea' id='block_1_3' title="bbox 98 2298 1514 2360">
    <p class='ocr_par' dir='ltr' id='par_1_3' title="bbox 98 2298 1514 2360">
     <span class='ocr_line' id='line_1_29' title="bbox 98 2298 1514 2360; baseline 0.008 -23"><span class='ocrx_word' id='word_1_251' title='bbox 98 2298 162 2339; x_wconf 88' lang='lat' dir='ltr'>lus</span> <span class='ocrx_word' id='word_1_252' title='bbox 192 2298 245 2338; x_wconf 89' lang='lat' dir='ltr'>de</span> <span class='ocrx_word' id='word_1_253' title='bbox 279 2298 400 2338; x_wconf 88' lang='lat' dir='ltr'>coelo</span> <span class='ocrx_word' id='word_1_254' title='bbox 437 2298 777 2350; x_wconf 83' lang='lat' dir='ltr'>evangelizaverit</span> <span class='ocrx_word' id='word_1_255' title='bbox 807 2300 930 2341; x_wconf 80' lang='lat' dir='ltr'>vobis</span> <span class='ocrx_word' id='word_1_256' title='bbox 961 2301 1102 2352; x_wconf 84' lang='lat' dir='ltr'>aliter,</span> <span class='ocrx_word' id='word_1_257' title='bbox 1147 2320 1274 2359; x_wconf 89' lang='lat' dir='ltr'>quam</span> <span class='ocrx_word' id='word_1_258' title='bbox 1308 2310 1514 2360; x_wconf 76' lang='lat' dir='ltr'>evangeli-</span> 
     </span>
    </p>
   </div>
   <div class='ocr_carea' id='block_1_4' title="bbox 104 2458 1512 2622">
    <p class='ocr_par' dir='ltr' id='par_1_4' title="bbox 104 2458 1512 2622">
     <span class='ocr_line' id='line_1_30' title="bbox 218 2458 1512 2521; baseline 0.008 -23"><span class='ocrx_word' id='word_1_259' title='bbox 218 2458 262 2512; x_wconf 75' lang='lat'>¹)</span> <span class='ocrx_word' id='word_1_260' title='bbox 295 2458 366 2499; x_wconf 87' lang='lat' dir='ltr'>Sic</span> <span class='ocrx_word' id='word_1_261' title='bbox 397 2458 553 2499; x_wconf 85' lang='lat' dir='ltr'>habent</span> <span class='ocrx_word' id='word_1_262' title='bbox 582 2459 681 2500; x_wconf 82' lang='lat' dir='ltr'>Mss.</span> <span class='ocrx_word' id='word_1_263' title='bbox 740 2461 796 2499; x_wconf 82' lang='lat' dir='ltr'>At</span> <span class='ocrx_word' id='word_1_264' title='bbox 830 2459 927 2502; x_wconf 80' lang='lat' dir='ltr'>libri</span> <span class='ocrx_word' id='word_1_265' title='bbox 960 2473 1079 2503; x_wconf 85' lang='lat' dir='ltr'>antea</span> <span class='ocrx_word' id='word_1_266' title='bbox 1121 2464 1221 2505; x_wconf 86' lang='lat' dir='ltr'>editi</span> <span class='ocrx_word' id='word_1_267' title='bbox 1260 2466 1317 2521; x_wconf 82' lang='lat' dir='ltr'>(e.</span> <span class='ocrx_word' id='word_1_268' title='bbox 1352 2484 1384 2508; x_wconf 90' lang='lat' dir='ltr'>c.</span> <span class='ocrx_word' id='word_1_269' title='bbox 1419 2469 1512 2508; x_wconf 86' lang='lat' dir='ltr'>edd.</span> 
     </span>
     <span class='ocr_line' id='line_1_31' title="bbox 104 2512 1512 2574; baseline 0.009 -21"><span class='ocrx_word' id='word_1_270' title='bbox 104 2512 208 2568; x_wconf 74' lang='grc' dir='ltr'>Μ.);</span> <span class='ocrx_word' id='word_1_271' title='bbox 238 2515 474 2569; x_wconf 82' lang='lat' dir='ltr'>„speciosus</span> <span class='ocrx_word' id='word_1_272' title='bbox 506 2531 646 2556; x_wconf 83' lang='lat' dir='ltr'>ramus</span> <span class='ocrx_word' id='word_1_273' title='bbox 675 2515 797 2571; x_wconf 80' lang='lat' dir='ltr'>(cdd.</span> <span class='ocrx_word' id='word_1_274' title='bbox 816 2515 1009 2560; x_wconf 77' lang='lat' dir='ltr'>Merlini:</span> <span class='ocrx_word' id='word_1_275' title='bbox 1042 2520 1222 2574; x_wconf 64' lang='lat' dir='ltr'>Tamis),</span> <span class='ocrx_word' id='word_1_276' title='bbox 1257 2535 1295 2564; x_wconf 85' lang='lat' dir='ltr'>et</span> <span class='ocrx_word' id='word_1_277' title='bbox 1325 2525 1512 2565; x_wconf 85' lang='lat' dir='ltr'>conden-</span> 
     </span>
     <span class='ocr_line' id='line_1_32' title="bbox 104 2572 893 2622; baseline 0.004 -12"><span class='ocrx_word' id='word_1_278' title='bbox 104 2587 168 2611; x_wconf 83' lang='lat' dir='ltr'>sus</span> <span class='ocrx_word' id='word_1_279' title='bbox 199 2572 466 2622; x_wconf 86' lang='lat' dir='ltr'>umbraculis,</span> <span class='ocrx_word' id='word_1_280' title='bbox 498 2574 704 2613; x_wconf 80' lang='lat' dir='ltr'>excelsus“</span> <span class='ocrx_word' id='word_1_281' title='bbox 736 2584 810 2613; x_wconf 73' lang='lat' dir='ltr'>etc.</span> <span class='ocrx_word' id='word_1_282' title='bbox 844 2573 893 2614; x_wconf 81' lang='lat' dir='ltr'>R.</span> 
     </span>
    </p>
   </div>
   <div class='ocr_carea' id='block_1_5' title="bbox 218 2640 1411 2907">
    <p class='ocr_par' dir='ltr' id='par_1_5' title="bbox 218 2640 781 2694">
     <span class='ocr_line' id='line_1_33' title="bbox 218 2640 781 2694; baseline 0.012 -15"><span class='ocrx_word' id='word_1_283' title='bbox 218 2640 264 2694; x_wconf 76' lang='grc'>2)</span> <span class='ocrx_word' id='word_1_284' title='bbox 292 2640 443 2682; x_wconf 75' lang='lat' dir='ltr'>Ezecli.</span> <span class='ocrx_word' id='word_1_285' title='bbox 477 2641 638 2691; x_wconf 84' lang='lat' dir='ltr'>XXXI,</span> <span class='ocrx_word' id='word_1_286' title='bbox 668 2643 707 2685; x_wconf 78' lang='lat' dir='ltr'>S.</span> <span class='ocrx_word' id='word_1_287' title='bbox 744 2643 781 2685; x_wconf 84' lang='grc'>9.</span> 
     </span>
    </p>

    <p class='ocr_par' dir='ltr' id='par_1_6' title="bbox 220 2709 870 2761">
     <span class='ocr_line' id='line_1_34' title="bbox 220 2709 870 2761; baseline 0.008 -12"><span class='ocrx_word' id='word_1_288' title='bbox 220 2709 266 2761; x_wconf 79' lang='lat'>³)</span> <span class='ocrx_word' id='word_1_289' title='bbox 295 2709 404 2751; x_wconf 69' lang='lat' dir='ltr'>Edd.</span> <span class='ocrx_word' id='word_1_290' title='bbox 434 2710 628 2753; x_wconf 80' lang='lat' dir='ltr'>Merlini:</span> <span class='ocrx_word' id='word_1_291' title='bbox 660 2714 870 2756; x_wconf 80' lang='lat' dir='ltr'>describit.</span> 
     </span>
    </p>

    <p class='ocr_par' dir='ltr' id='par_1_7' title="bbox 221 2777 1411 2907">
     <span class='ocr_line' id='line_1_35' title="bbox 223 2777 1411 2840; baseline 0.014 -23"><span class='ocrx_word' id='word_1_292' title='bbox 223 2777 267 2831; x_wconf 72' lang='lat'>⁴²)</span> <span class='ocrx_word' id='word_1_293' title='bbox 298 2779 425 2820; x_wconf 81' lang='lat' dir='ltr'>Deest</span> <span class='ocrx_word' id='word_1_294' title='bbox 457 2788 551 2830; x_wconf 86' lang='lat' dir='ltr'>„ut“</span> <span class='ocrx_word' id='word_1_295' title='bbox 582 2783 624 2823; x_wconf 85' lang='lat' dir='ltr'>in</span> <span class='ocrx_word' id='word_1_296' title='bbox 658 2785 751 2825; x_wconf 74' lang='lat' dir='ltr'>cdd.</span> <span class='ocrx_word' id='word_1_297' title='bbox 783 2785 841 2825; x_wconf 78' lang='grc' dir='ltr'>Μ.</span> <span class='ocrx_word' id='word_1_298' title='bbox 965 2791 1008 2838; x_wconf 57' lang='grc'>“’)</span> <span class='ocrx_word' id='word_1_299' title='bbox 1042 2788 1151 2828; x_wconf 73' lang='lat' dir='ltr'>Dent</span> <span class='ocrx_word' id='word_1_300' title='bbox 1198 2789 1317 2840; x_wconf 79' lang='lat' dir='ltr'>XXI,</span> <span class='ocrx_word' id='word_1_301' title='bbox 1348 2792 1411 2834; x_wconf 76' lang='lat'>23-</span> 
     </span>
     <span class='ocr_line' id='line_1_36' title="bbox 221 2847 1172 2907; baseline 0.014 -21"><span class='ocrx_word' id='word_1_302' title='bbox 221 2847 266 2899; x_wconf 65' lang='lat'>⁶)</span> <span class='ocrx_word' id='word_1_303' title='bbox 297 2848 451 2889; x_wconf 63' lang='lat' dir='ltr'>Jcrcnu,</span> <span class='ocrx_word' id='word_1_304' title='bbox 485 2851 619 2900; x_wconf 79' lang='lat' dir='ltr'>XVII,</span> <span class='ocrx_word' id='word_1_305' title='bbox 648 2855 686 2896; x_wconf 82' lang='lat'>5.</span> <span class='ocrx_word' id='word_1_306' title='bbox 834 2853 878 2907; x_wconf 83' lang='grc'>’&gt;</span> <span class='ocrx_word' id='word_1_307' title='bbox 911 2856 1044 2896; x_wconf 79' lang='lat' dir='ltr'>Galat.</span> <span class='ocrx_word' id='word_1_308' title='bbox 1080 2856 1106 2904; x_wconf 84' lang='lat' dir='ltr'>l,</span> <span class='ocrx_word' id='word_1_309' title='bbox 1136 2862 1172 2899; x_wconf 67' lang='grc' dir='ltr'>ὃ.</span> 
     </span>
    </p>
   </div>
  </div>
 </body>
</html>
