1739 3067
685 534 827 589 mv)

474 645 1036 694 PRAEFATIONE

160 786 753 847 LIBRORUM
837 783 1362 844 ORIGENIS

53 1287 233 1387 Nisi2)
268 1332 385 1372 omni
414 1332 546 1371 modo
578 1331 686 1386 pigri
717 1349 919 1382 essemus,
952 1349 999 1373 ac
1032 1331 1206 1379 desides,
1235 1344 1291 1369 ne
1318 1329 1372 1369 ad
1400 1327 1466 1368 in—

59 1411 313 1467 quirendum
344 1409 516 1464 quidem
550 1410 750 1450 accedere
774 1409 969 1450 Domino
1002 1419 1042 1449 et
1072 1408 1292 1449 Salvatore
1321 1416 1467 1447 nostro

56 1489 110 1529 ad
150 1488 233 1528 hoc
275 1503 353 1527 nos
389 1496 669 1540 provocante,
714 1487 910 1539 profecto
956 1499 1266 1526 revocassemus
1301 1484 1470 1537 pedem,

56 1563 370 1605 considerantes
402 1562 518 1615 quod
547 1562 674 1612 longe
703 1560 892 1615 simus³)
922 1560 975 1601 ab
996 1576 1043 1600 ea
1064 1557 1356 1611 magnitudine
1382 1556 1468 1612 spi-

56 1639 215 1681 ritualis
245 1637 564 1689 intelligentiae,
604 1652 686 1691 qua
701 1634 747 1690 α)
789 1636 842 1677 de
880 1647 966 1678 tam
1010 1635 1172 1689 magnis
1201 1635 1327 1677 rebus
1355 1634 1470 1675 inve-

54 1715 196 1768 stigari
226 1715 378 1755 debeat
404 1714 652 1754 intellectus.

164 1791 278 1846 Et5)
309 1791 439 1846 paulo
472 1800 589 1846 post:

175 1949 218 2004 1)
248 1949 539 1990 Desurnsimus
570 1950 653 1991 hoc
674 1950 959 2002 fragmentum
982 1966 1029 1989 ex
1047 1945 1328 2003 Apologetico
1344 1943 1471 1984 Pam-

55 2007 162 2062 phili
190 2005 383 2062 martyris
423 2021 503 2061 pro
548 2005 743 2057 Origene.
785 2006 836 2048 R.
879 2031 931 2037 —
972 2005 1038 2046 Cf.
1072 2004 1186 2054 Orig.
1221 2001 1337 2055 Opp.
1368 2017 1470 2041 cura

55 2063 192 2103 Ruaei
222 2061 432 2102 editorum
466 2061 594 2102 Tom.
623 2062 673 2102 ll.
716 2077 808 2118 pag.
840 2063 877 2104 1.
920 2072 959 2101 et
989 2060 1115 2101 Tom.
1145 2058 1215 2098 IV.
1259 2057 1374 2112 Opp.
1415 2057 1470 2096 ad

1 2164 4 2165 γ
56 2116 493 2214 ῼΓῖὲ.ρεῖὶο(εῑεῃῑῐυω
531 2132 623 2172 pag.
654 2117 720 2161 18.
763 2118 862 2159 coll.
904 2117 997 2159 edd.
1027 2114 1201 2157 Merlini
1240 2113 1366 2154 Tom.
1397 2112 1469 2153 lV.

75 2176 153 2215 ὀὶ.
303 2204 310 2212 .
1514 2169 1517 2172 ⁴

171 2241 217 2297 2)
248 2240 328 2282 Ed.
367 2241 416 2282 R.
448 2241 574 2283 Tom.
605 2242 677 2283 IV.
715 2257 809 2299 pag.
838 2243 904 2286 18.
942 2241 1032 2291 „Ita
1072 2240 1183 2282 editi.
1224 2239 1323 2281 Mss.
1366 2254 1465 2278 vero

56 2297 269 2354 plerique:
308 2296 412 2339 Nise·
447 2297 710 2340 omnimodas
740 2300 878 2355 pigri
901 2303 1049 2340 essent
1092 2298 1168 2351 (al.
1199 2295 1303 2337 Nise·
1327 2295 1467 2335 077ιηὶ-

55 2352 198 2395 modis
227 2351 410 2408 quidam
430 2357 566 2410 pigri
590 2361 758 2397 essent:
786 2356 836 2397 al.
858 2356 995 2411 pigri
1021 2358 1169 2395 essent
1188 2352 1389 2408 ingenie)
1419 2356 1467 2392 et

58 2408 261 2454 desz'des“
287 2421 363 2451 etc.
392 2434 449 2441 —-
474 2412 585 2454 Edd.
621 2411 795 2454 Merlini
826 2423 873 2453 ut
898 2427 978 2452 nos
1010 2412 1055 2452 in
1084 2421 1209 2450 textu.

172 2480 218 2534 ³)
247 2479 327 2520 Ed.
355 2480 418 2520 M.
447 2481 489 2521 I:
518 2498 673 2524 sumus.

174 2546 219 2603 ⁴)
247 2548 326 2589 Ed.
358 2549 407 2589 R.
439 2549 563 2592 Tom.
591 2550 663 2592 IV.
701 2565 794 2605 pag.
826 2549 890 2594 18.
919 2549 962 2590 in
993 2549 1126 2590 notis:
1163 2547 1324 2598 „Aliasz
1357 2559 1465 2599 quae

62 2605 116 2643 de
152 2614 291 2644 tantae
328 2605 624 2656 magnitudinis
663 2609 788 2647 rebus
839 2605 1109 2655 investigar0“
1148 2616 1222 2644 etc.
1261 2625 1314 2633 -
1352 2601 1461 2640 Edd.

59 2658 254 2699 {Merliniz
285 2677 419 2715 „quae
449 2663 502 2702 de
530 2673 618 2703 tam
646 2662 807 2714 magnis
836 2663 961 2702 rebus
989 2660 1258 2712 investigare“
1287 2667 1361 2697 etc.

178 2726 223 2780 ⁵)
252 2726 331 2768 Ed.
360 2729 420 2768 M.
449 2730 491 2770 I:
529 2730 612 2779 „Et
640 2732 771 2786 paulo
803 2741 900 2785 post
928 2730 985 2771 ait
1015 2729 1218 2780 Origenes
1231 2731 1268 2774 ,“
1306 2725 1371 2765 ed.
1402 2723 1464 2764 M.

59 2783 126 2833 IL,
153 2783 295 2837 itemq.
336 2784 398 2824 ed.
426 2785 478 2825 R.
508 2785 632 2827 Tom.
662 2787 734 2827 lv.
764 2802 857 2842 pag.
888 2786 953 2829 18.
990 2785 1070 2836 „Et
1098 2784 1230 2840 paulo
1261 2793 1358 2838 post
1383 2780 1463 2822 ait:

62 2839 304 2890 Origenes.“

60 2914 281 2957 Omani-us
312 2915 483 2959 OPERA.
515 2915 635 2959 Tom,
664 2917 776 2958 VIII.
1113 2916 1138 2958 1
