1764 3096
466 124 514 155 m
546 110 747 154 GENEsm
776 109 979 152 nomam
1005 108 1078 152 VI.
1400 109 1484 154 185

70 227 135 270 his
166 225 362 268 omnibus
390 223 486 266 lex?
541 225 626 265 Aut
662 222 697 264 si
739 233 918 278 possunt
952 220 1018 263 isti
1058 218 1184 261 amici
1223 229 1263 261 et
1294 220 1489 262 defenso-

72 322 138 346 res
167 304 325 352 literae,
354 300 593 344 custodiant
621 298 787 340 literam
817 299 928 351 legis.
978 297 1226 339 Secundum
1247 295 1362 337 hunc
1383 311 1482 348 ergo

73 379 296 433 allegoriae
327 376 547 428 ordinem,
577 376 771 426 Pharao,
814 374 886 431 qui
918 386 977 416 est
1005 374 1139 415 homo
1169 373 1418 414 immundus
1450 384 1490 414 et

72 455 390 505 exterminator,
440 455 612 504 Saram,
659 453 704 493 id
736 463 813 502 est,
858 452 1056 493 virtutem
1086 450 1276 506 accipere
1308 449 1487 491 omnino

70 549 160 574 non
189 543 370 587 poterat.
436 530 575 572 Porro
617 528 890 578 Abimelech,
933 528 976 569 id
1008 539 1088 578 est,
1137 526 1211 583 qui
1249 527 1412 568 munde
1453 539 1493 567 et

71 608 372 666 philosophice
409 608 595 657 vivebat,
638 617 809 662 poterat
848 605 1022 661 quidem
1053 605 1267 661 accipere,
1319 603 1417 660 quia
1446 603 1491 644 in

74 687 203 727 corde
232 686 398 726 mundo
430 685 680 740 quaerebat,
717 684 790 725 sed
819 684 1015 723 nondum
1055 694 1223 736 tempus
1256 682 1493 723 advenerat.

71 762 219 804 Manet
248 778 346 814 ergo
378 762 492 817 apud
510 761 729 802 Abraham
759 760 900 810 virtus,
929 770 1072 800 manet
1094 758 1139 798 in
1158 757 1492 806 circumcisione,

74 840 213 881 donec
241 850 407 894 tempus
438 838 588 887 veniat,
618 849 664 879 ut
693 836 737 877 in
771 836 939 878 Christo
971 837 1072 878 Jesu
1104 834 1297 875 Domino
1329 844 1494 883 nostro,

72 916 117 958 in
150 933 233 972 quo
264 915 510 969 ‚,habitat¹)
552 914 689 957 omnis
719 915 943 971 plenitudo
978 912 1139 954 deitatis
1172 911 1494 967 corporaliter,“

71 984 233 1046 integra
264 1005 303 1033 et
331 995 519 1048 perfecta
549 993 677 1034 virtus
720 993 774 1033 ad
816 989 1035 1033 ecclesiam
1075 989 1260 1043 gentium
1299 998 1494 1029 transeat.

76 1068 200 1110 Tunc
233 1085 330 1122 ergo
364 1082 404 1111 et
441 1072 594 1112 domus
628 1069 901 1118 Abimelech,
942 1081 982 1109 et
1023 1067 1202 1109 ancillae
1241 1064 1349 1120 ejus,
1392 1081 1494 1120 quas

73 1146 233 1188 sanavit
262 1147 490 1197 Dominus,
519 1147 687 1203 parient
717 1145 917 1187 ecclesiae
947 1145 1066 1186 filios.
1116 1143 1213 1184 Hoc
1245 1142 1358 1184 enim
1389 1154 1495 1183 tem-

73 1239 153 1280 pus
187 1235 258 1274 est,
288 1240 373 1278 quo
405 1223 553 1266 sterilis
583 1222 715 1279 parit,
755 1234 793 1263 et
824 1239 910 1277 quo
942 1219 1154 1276 ‚,multi2)
1184 1230 1284 1261 sunt
1313 1218 1389 1259 filii
1420 1219 1494 1259 de-

73 1311 228 1350 sertae,
264 1300 394 1352 magis
436 1317 563 1356 quam
597 1298 707 1357 ejus,
756 1315 864 1354 quae
905 1298 1035 1339 habet
1071 1297 1249 1338 virum.“
1317 1296 1500 1351 Aperuit

77 1377 191 1418 enim
221 1376 436 1418 Dominus
466 1378 631 1419 vulvam
663 1376 825 1425 sterilis,
856 1387 895 1416 et
926 1376 1076 1415 effecta
1107 1385 1166 1414 est
1195 1374 1402 1423 fecunda,
1440 1374 1497 1415 ita

76 1466 123 1494 ut
151 1454 289 1508 pariat
319 1465 484 1506 gentem
515 1455 567 1494 de
595 1455 736 1495 semel.
795 1454 881 1494 Sed
902 1465 940 1493 et
969 1450 1103 1493 sancti
1133 1451 1330 1499 clamant,
1362 1461 1402 1490 et
1432 1450 1496 1490 di-

78 1542 200 1571 cunt:
241 1529 531 1585 ,‚D0mine‚³>
575 1547 596 1571 a
636 1530 791 1571 timore
828 1541 902 1569 tuo
948 1529 993 1570 in
1037 1538 1182 1567 ventre
1213 1526 1499 1580 concepimus,

78 1619 118 1648 et
146 1605 404 1662 peperimus,
432 1606 627 1661 spiritum
657 1606 798 1648 salutis
828 1616 925 1645 tuae
951 1604 1127 1645 fecimus
1149 1618 1276 1657 super
1304 1607 1501 1643 terram.“

74 1684 204 1726 Unde
234 1695 274 1723 et
303 1683 460 1725 Paulus
489 1682 683 1724 similiter
716 1681 842 1723 dicit:
883 1679 1033 1730 „filioli
1051 1678 1096 1734 4)
1134 1679 1243 1729 mei,
1285 1696 1392 1734 quos
1423 1679 1500 1720 itc-

78 1779 175 1804 rum
205 1760 413 1818 parturio,
446 1761 586 1801 donec
618 1762 827 1802 formetur
859 1756 1049 1799 Christus
1078 1755 1122 1798 in
1154 1755 1316 1818 wfobisst‘
1375 1756 1500 1798 Tales

79 1854 178 1890 ergo
212 1837 415 1895 parturit,
456 1847 497 1878 et
536 1838 639 1879 tales
670 1836 781 1878 filios
825 1847 996 1887 generat
1027 1834 1166 1876 omnis
1202 1833 1375 1875 ecclesia
1404 1834 1501 1876 Dei.

78 1916 190 1957 Nam
220 1915 380 1971 „qui⁵)
410 1915 590 1956 seminat
626 1914 672 1955 in
703 1929 851 1961 carne,
891 1914 943 1953 de
985 1928 1114 1951 carne
1156 1922 1195 1951 et
1231 1922 1361 1951 metet
1405 1928 1504 1952 cor-

79 1992 365 2048 ruptionem.“
424 1991 522 2033 Filii
564 2002 705 2032 autem
742 1989 911 2045 spiritus
951 1987 1017 2029 isti
1045 1999 1163 2036 sunt,
1195 1987 1248 2027 de
1280 1988 1433 2041 quibus
1465 1999 1504 2028 et
1562 2032 1566 2035 ,

79 2069 313 2125 Apostolus
343 2067 464 2118 dicit,
493 2067 717 2108 mulierem
764 2066 921 2106 salvam
959 2064 1147 2104 futuram
1163 2062 1209 2118 ⁶)
1249 2080 1352 2119 „per
1391 2064 1504 2106 filio-

80 2163 178 2189 rum
208 2143 574 2201 procreationem,
614 2142 648 2184 si
686 2140 998 2198 permanserint
1023 2140 1068 2181 in
1097 2141 1183 2181 fide
1213 2151 1253 2180 et
1283 2139 1506 2181 castitate.“

79 2221 270 2264 Ecclesia
299 2220 424 2273 igitur
452 2219 538 2261 Dei
581 2218 640 2261 sic
680 2219 885 2271 intelligat
920 2229 1091 2273 partus,
1128 2216 1186 2258 sic
1216 2218 1506 2270 generationes

39 2356 44 2358 ⁷
83 2298 282 2356 accipiat,
319 2297 378 2340 sic
419 2308 592 2353 patrum
631 2307 742 2348 gesta
782 2296 940 2336 decora
979 2305 1018 2335 et
1047 2293 1223 2335 honesta
1252 2294 1507 2351 interpreta-

84 2377 203 2419 tione
231 2376 451 2425 sustollat,
493 2377 553 2416 sic
597 2374 723 2415 verba
764 2371 946 2427 Spiritus
985 2369 1120 2413 sancti
1158 2388 1250 2414 non
1284 2371 1436 2429 ineptis
1467 2384 1508 2414 et

204 2557 248 2611 ¹)
279 2557 447 2599 Coloss.
476 2556 530 2607 Il,
562 2557 600 2600 9.

200 2626 248 2682 ²)
283 2626 421 2668 Galat.
455 2627 529 2676 lv,
558 2627 624 2669 27.
657 2625 754 2667 coll.
784 2623 909 2666 Jesai.
942 2624 1050 2677 LIV,
1081 2625 1120 2666 1.

204 2697 252 2751 ³)
283 2695 407 2738 Jesai.
436 2696 597 2746 XXVI,
627 2695 693 2738 18.
814 2694 860 2748 ⁴)
893 2692 1030 2738 Galat.
1060 2693 1132 2744 IV,
1163 2693 1229 2738 19.

211 2764 255 2819 ⁵)
287 2764 422 2807 Galat.
450 2767 523 2817 VI,
552 2766 592 2809 8.

202 2835 249 2891 ⁶)
278 2834 298 2876 1
328 2835 438 2879 Tim.
466 2836 521 2889 11,
553 2836 619 2881 15.
653 2859 704 2869 —
733 2834 815 2880 Ed.
845 2834 1002 2879 Ruaei:
1033 2832 1319 2892 permanserit,
