1764 3096
433 105 478 133 m
511 90 709 133 GENEsm
742 91 944 134 HommA
965 93 1061 134 XII,
1375 97 1459 141 239

39 221 144 258 gnus
173 219 369 260 processu
402 202 606 257 temporis
635 202 680 243 in
712 203 946 258 prophetis.
1017 204 1127 244 Nam
1172 203 1215 244 in
1246 206 1336 246 sola
1367 207 1457 257 lege

39 283 236 323 nondum
281 292 456 328 magnus
507 289 588 329 est,
641 280 801 335 quippe
855 298 963 336 quae
1008 293 1046 322 et
1095 280 1304 322 velamine
1350 295 1454 323 tecta

42 371 111 400 est.
171 354 332 397 Crescit
364 369 462 407 crgo
493 354 578 411 jam
610 355 655 395 in
684 357 919 411 prophetis.
971 359 1080 400 Cum
1113 375 1210 399 vero
1252 375 1456 414 pervene-

39 435 92 476 rit
149 435 202 473 ad
243 433 327 472 hoc
381 449 538 487 usque,
599 444 647 472 ut
685 444 724 473 et
760 434 951 475 velamen
997 435 1185 492 abjiciat,
1232 447 1332 476 tunc
1380 436 1458 477 erit

38 525 212 561 magnus
242 510 376 550 valde.
424 508 534 550 Cum
561 510 751 565 coeperit
769 509 886 552 litera
917 512 1029 562 legis,
1059 514 1173 553 velut
1202 513 1322 567 palea
1354 513 1456 553 hor-

39 587 105 628 dei
136 585 222 640 cjus
252 584 435 634 secerni,
478 597 516 625 et
556 586 822 640 apparuerit,
864 590 979 643 quod
1021 588 1245 644 spiritualis
1285 601 1342 631 cst
1379 591 1458 640 lex,

39 676 137 705 tunc
174 662 290 704 Isaac
327 661 688 713 magnificabitur,
740 674 779 702 et
818 663 889 704 fiet
925 680 1100 715 magnus
1140 667 1273 707 valde.
1349 667 1457 708 Vide

41 740 172 789 enim,
218 740 316 796 quia
355 751 394 780 et
432 738 646 779 Dominus
687 740 732 779 in
778 739 1073 795 Evangeliis¹)
1125 758 1283 796 paucos
1325 760 1457 798 panes

39 816 202 867 frangit,
234 828 273 858 et
304 817 422 872 quod
453 815 586 856 millia
625 817 760 857 reficit
788 818 1077 871 populorum,
1121 830 1158 858 et
1197 823 1342 874 quanti
1385 838 1458 861 co-

39 893 159 950 phini
190 893 466 948 reliquiarum
496 904 733 947 supersunt.
802 893 956 934 Donec
994 893 1145 947 integri
1187 907 1284 936 sunt
1314 914 1458 952 panes,

9 1015 13 1018 ,
40 987 167 1010 nemo
198 981 420 1020 saturatur,
451 986 578 1011 nemo
612 969 818 1020 reficitur,
863 987 942 1012 nec
983 972 1063 1027 ipsi
1102 989 1234 1028 panes
1264 974 1458 1016 videntur

40 1046 193 1098 augeri.
262 1045 495 1088 Considera
535 1064 634 1100 ergo
677 1064 817 1097 nunc,
859 1051 1083 1103 quomodo
1124 1067 1284 1104 paucos
1328 1068 1458 1106 panes

39 1123 290 1174 frangimus:
323 1126 375 1164 de
405 1123 621 1180 scripturis
654 1124 803 1165 divinis
833 1142 996 1180 paucos
1025 1142 1240 1169 sermones
1283 1129 1457 1169 assumi-

41 1217 154 1250 mus,
194 1212 299 1255 quot
335 1200 466 1242 millia
506 1201 733 1241 hominum
773 1212 1026 1243 saturantur.
1095 1203 1180 1251 Sed
1218 1205 1298 1245 nisi
1340 1206 1460 1246 fracti

40 1277 197 1318 suerint
225 1276 291 1317 isti
327 1268 482 1331 panes,
521 1278 601 1320 nisi
632 1278 676 1318 in
715 1290 855 1334 partes
898 1280 1149 1322 comminuti
1181 1299 1203 1322 a
1234 1282 1459 1338 discipulis,

42 1355 124 1393 hoc
164 1365 243 1403 est,
280 1354 359 1394 nisi
401 1354 642 1395 minutatim
684 1355 803 1396 litera
845 1357 974 1397 suerit
1013 1357 1196 1399 discussa
1239 1370 1277 1398 et
1316 1362 1459 1407 fracta,

40 1446 183 1472 sensus
214 1429 302 1486 ejus
334 1432 387 1471 ad
420 1447 566 1472 omnes
597 1449 686 1472 non
718 1444 854 1488 potest
884 1435 1116 1488 pervenire.
1177 1434 1287 1475 Cum
1319 1447 1457 1476 autem

40 1517 298 1562 pertractare
329 1507 606 1563 coeperimus,
639 1519 679 1548 et
706 1508 867 1560 singula
895 1526 1086 1564 quaeque
1109 1511 1326 1559 discutere,
1357 1524 1458 1551 tunc

40 1584 189 1623 turbae
220 1583 406 1638 quidem,
437 1595 644 1638 quantum
672 1596 887 1639 poterunt,
920 1597 1100 1626 sumant.
1155 1587 1287 1641 Quod
1320 1600 1459 1628 autem

43 1676 134 1700 non
165 1661 397 1716 potuerint,
429 1661 715 1713 colligendum
749 1673 807 1702 est
840 1673 878 1701 et
908 1665 1229 1714 reservandum,
1272 1682 1325 1705 ne
1358 1665 1460 1721 quid

41 1747 196 1791 pereat.
256 1738 479 1779 servamus
511 1753 609 1789 ergo
640 1749 679 1778 et
708 1755 801 1787 nOS,
829 1739 861 1779 si
892 1739 994 1793 quid
1011 1741 1160 1781 turbae
1190 1758 1340 1797 capere
1371 1759 1460 1782 non

42 1825 238 1868 possunt,
279 1826 319 1854 et
356 1814 592 1867 colligimus
632 1814 677 1855 in
721 1815 915 1871 cophinis
956 1827 995 1856 et
1031 1818 1198 1873 sportis.
1263 1818 1461 1873 Denique

44 1906 140 1930 cum
171 1891 302 1945 paulo
338 1902 432 1931 ante
462 1891 725 1943 fregissemus
741 1891 787 1946 2)
826 1909 982 1948 panem
1015 1895 1068 1934 de
1097 1894 1234 1934 Jacob
1268 1907 1306 1935 ct
1334 1894 1461 1944 Esau,

42 1978 197 2020 quanta
228 1967 282 2006 de
308 1966 384 2007 illo
415 1983 526 2022 pane
563 1969 794 2018 fragmenta
841 1969 1173 2023 superaverunt?
1231 1970 1353 2024 Quae
1383 1988 1462 2012 nos
1491 2005 1496 2006 γ

43 2043 262 2102 diligenter
291 2044 606 2095 recollegimus,
645 2060 700 2084 ne
728 2044 927 2099 perirent,
959 2058 997 2086 et
1025 2062 1235 2088 servamus
1265 2048 1307 2088 in
1339 2065 1462 2103 spor-

41 2120 92 2161 tis
123 2121 187 2160 vel
219 2119 429 2176 cophinis,
468 2136 691 2176 usquequo
722 2121 938 2162 Dominus
975 2124 1028 2163 de
1066 2122 1164 2179 ipsis
1205 2125 1305 2180 quid
1337 2125 1460 2165 etiam

43 2197 133 2238 fieri
170 2194 337 2252 jubeat,
376 2197 605 2239 videamus.
677 2200 803 2240 Nune
836 2211 975 2239 autem
1016 2212 1218 2255 quantum
1262 2202 1461 2256 possibile

47 2284 115 2322 est,
146 2274 210 2313 vel
245 2275 297 2314 de
326 2273 509 2329 panibus
542 2277 830 2325 comedamus,
860 2278 922 2318 vel
957 2279 1009 2318 de
1038 2278 1174 2332 puteis
1206 2278 1461 2321 hauriamus.

37 2348 273 2394 Tememus
304 2353 441 2393 facere
473 2352 594 2393 etiam
624 2352 753 2402 illud,
799 2355 917 2409 quod
957 2354 1160 2410 sapientia
1202 2369 1461 2406 commonet,

47 2427 209 2469 dicens:
239 2428 426 2483 „bibe3)
458 2446 584 2484 aquas
617 2432 668 2471 de
697 2431 777 2471 tuis
808 2432 1019 2480 sontibus,
1051 2444 1089 2472 et
1120 2433 1171 2472 de
1205 2433 1280 2473 tuis
1312 2435 1460 2488 puteis,

47 2515 85 2544 et
113 2505 162 2545 sit
190 2505 266 2545 tibi
297 2507 393 2547 fons
419 2517 516 2563 ‘tuus
547 2507 783 2562 proprius.“
845 2508 980 2549 Teuta
1021 2525 1118 2560 ergo
1152 2522 1190 2549 et
1224 2522 1291 2558 tn,
1327 2529 1351 2549 υ
1387 2529 1459 2552 au-

47 2580 170 2630 ditor,
199 2581 356 2623 habere
384 2583 610 2639 proprium
641 2596 832 2640 puteum,
865 2597 905 2626 et
942 2585 1166 2642 proprium
1201 2588 1382 2628 sontem:
1416 2602 1459 2629 ut

163 2754 206 2809 1)
239 2754 326 2796 Cfr.
356 2755 504 2798 Matth.
536 2758 649 2802 XIV.
767 2758 814 2815 2)
851 2760 960 2802 Edd.
999 2759 1193 2802 Merliui:
1232 2761 1457 2813 fregissem.

158 2822 205 2878 ³)
237 2824 360 2867 Prov.
390 2826 442 2877 V,
471 2827 536 2870 15.
569 2828 634 2870 18.
