<?xml version="1.0" encoding="UTF-8"?>
<!DOCTYPE html PUBLIC "-//W3C//DTD XHTML 1.0 Transitional//EN"
    "http://www.w3.org/TR/xhtml1/DTD/xhtml1-transitional.dtd">
<html xmlns="http://www.w3.org/1999/xhtml" xml:lang="en" lang="en">
 <head>
  <title>
</title>
<meta http-equiv="Content-Type" content="text/html;charset=utf-8" />
  <meta name='ocr-system' content='tesseract 3.04.00' />
  <meta name='ocr-capabilities' content='ocr_page ocr_carea ocr_par ocr_line ocrx_word'/>
</head>
<body>
  <div class='ocr_page' id='page_1' title='image "./operaomniaquaegr08orig_0226.png"; bbox 0 0 1764 3096; ppageno 0'>
   <div class='ocr_carea' id='block_1_1' title="bbox 252 113 1071 160">
    <p class='ocr_par' dir='ltr' id='par_1_1' title="bbox 252 113 1071 160">
     <span class='ocr_line' id='line_1_1' title="bbox 252 113 1071 160; baseline -0.009 -1"><span class='ocrx_word' id='word_1_1' title='bbox 252 117 335 160; x_wconf 77' lang='lat'><strong>214</strong></span> <span class='ocrx_word' id='word_1_2' title='bbox 849 113 1071 154; x_wconf 69' lang='lat' dir='ltr'><strong>Omossms</strong></span> 
     </span>
    </p>
   </div>
   <div class='ocr_carea' id='block_1_2' title="bbox 262 221 1747 2051">
    <p class='ocr_par' dir='ltr' id='par_1_2' title="bbox 262 221 1747 2051">
     <span class='ocr_line' id='line_1_2' title="bbox 262 221 1671 284; baseline -0.001 -17"><span class='ocrx_word' id='word_1_3' title='bbox 262 228 397 284; x_wconf 82' lang='lat' dir='ltr'><strong>phans</strong></span> <span class='ocrx_word' id='word_1_4' title='bbox 430 242 500 267; x_wconf 81' lang='lat' dir='ltr'><strong>eos</strong></span> <span class='ocrx_word' id='word_1_5' title='bbox 537 224 582 266; x_wconf 87' lang='lat' dir='ltr'><strong>in</strong></span> <span class='ocrx_word' id='word_1_6' title='bbox 612 235 741 265; x_wconf 87' lang='lat' dir='ltr'><strong>semet</strong></span> <span class='ocrx_word' id='word_1_7' title='bbox 772 224 931 280; x_wconf 87' lang='lat' dir='ltr'><strong>ipsum,</strong></span> <span class='ocrx_word' id='word_1_8' title='bbox 980 236 1020 266; x_wconf 88' lang='lat' dir='ltr'><strong>et</strong></span> <span class='ocrx_word' id='word_1_9' title='bbox 1058 223 1130 279; x_wconf 88' lang='lat' dir='ltr'><strong>qui</strong></span> <span class='ocrx_word' id='word_1_10' title='bbox 1168 222 1283 264; x_wconf 86' lang='lat' dir='ltr'><strong>venit</strong></span> <span class='ocrx_word' id='word_1_11' title='bbox 1319 221 1507 278; x_wconf 85' lang='lat' dir='ltr'><strong>captivos</strong></span> <span class='ocrx_word' id='word_1_12' title='bbox 1525 222 1569 278; x_wconf 82' lang='lat'><strong>¹)</strong></span> <span class='ocrx_word' id='word_1_13' title='bbox 1608 225 1671 265; x_wconf 84' lang='lat' dir='ltr'><strong>di-</strong></span> 
     </span>
     <span class='ocr_line' id='line_1_3' title="bbox 263 297 1677 357; baseline -0.006 -11"><span class='ocrx_word' id='word_1_14' title='bbox 263 306 426 346; x_wconf 80' lang='lat' dir='ltr'>mittere</span> <span class='ocrx_word' id='word_1_15' title='bbox 457 304 502 345; x_wconf 92' lang='lat' dir='ltr'><strong>in</strong></span> <span class='ocrx_word' id='word_1_16' title='bbox 540 301 843 343; x_wconf 80' lang='lat' dir='ltr'>remissionem.</span> <span class='ocrx_word' id='word_1_17' title='bbox 911 300 1028 356; x_wconf 86' lang='lat' dir='ltr'><strong>Quin</strong></span> <span class='ocrx_word' id='word_1_18' title='bbox 1068 301 1210 357; x_wconf 88' lang='lat' dir='ltr'><strong>potius</strong></span> <span class='ocrx_word' id='word_1_19' title='bbox 1250 299 1379 340; x_wconf 85' lang='lat' dir='ltr'><strong>fidem</strong></span> <span class='ocrx_word' id='word_1_20' title='bbox 1421 297 1577 339; x_wconf 79' lang='lat' dir='ltr'>Christi</span> <span class='ocrx_word' id='word_1_21' title='bbox 1614 313 1677 338; x_wconf 83' lang='lat' dir='ltr'><strong>se-</strong></span> 
     </span>
     <span class='ocr_line' id='line_1_4' title="bbox 266 376 1679 438; baseline -0.005 -17"><span class='ocrx_word' id='word_1_22' title='bbox 266 394 452 438; x_wconf 83' lang='lat' dir='ltr'><strong>quentes,</strong></span> <span class='ocrx_word' id='word_1_23' title='bbox 481 378 554 436; x_wconf 87' lang='lat' dir='ltr'><strong>qui</strong></span> <span class='ocrx_word' id='word_1_24' title='bbox 582 377 857 434; x_wconf 80' lang='lat' dir='ltr'><strong>triumphavit</strong></span> <span class='ocrx_word' id='word_1_25' title='bbox 876 393 960 428; x_wconf 81' lang='lat' dir='ltr'><strong>eos,</strong></span> <span class='ocrx_word' id='word_1_26' title='bbox 989 379 1304 433; x_wconf 82' lang='lat' dir='ltr'>disrumpamus</span> <span class='ocrx_word' id='word_1_27' title='bbox 1323 376 1492 418; x_wconf 80' lang='lat' dir='ltr'><strong>vincula</strong></span> <span class='ocrx_word' id='word_1_28' title='bbox 1516 391 1679 423; x_wconf 89' lang='lat' dir='ltr'><strong>eorum,</strong></span> 
     </span>
     <span class='ocr_line' id='line_1_5' title="bbox 265 451 1681 515; baseline -0.006 -16"><span class='ocrx_word' id='word_1_29' title='bbox 265 460 417 515; x_wconf 87' lang='lat' dir='ltr'><strong>quibus</strong></span> <span class='ocrx_word' id='word_1_30' title='bbox 446 474 526 499; x_wconf 89' lang='lat' dir='ltr'><strong>nos</strong></span> <span class='ocrx_word' id='word_1_31' title='bbox 555 455 832 497; x_wconf 83' lang='lat' dir='ltr'><strong>devinxerunt</strong></span> <span class='ocrx_word' id='word_1_32' title='bbox 859 455 1053 511; x_wconf 81' lang='lat' dir='ltr'>potestati</span> <span class='ocrx_word' id='word_1_33' title='bbox 1082 471 1193 495; x_wconf 87' lang='lat' dir='ltr'><strong>suae.</strong></span> <span class='ocrx_word' id='word_1_34' title='bbox 1240 453 1419 494; x_wconf 80' lang='lat' dir='ltr'><strong>Vincula</strong></span> <span class='ocrx_word' id='word_1_35' title='bbox 1442 468 1557 501; x_wconf 81' lang='lat' dir='ltr'><strong>vero,</strong></span> <span class='ocrx_word' id='word_1_36' title='bbox 1587 451 1681 507; x_wconf 88' lang='lat' dir='ltr'><strong>qui-</strong></span> 
     </span>
     <span class='ocr_line' id='line_1_6' title="bbox 266 527 1681 587; baseline -0.006 -11"><span class='ocrx_word' id='word_1_37' title='bbox 266 537 345 576; x_wconf 78' lang='lat' dir='ltr'><strong>bns</strong></span> <span class='ocrx_word' id='word_1_38' title='bbox 374 552 453 577; x_wconf 87' lang='lat' dir='ltr'><strong>nos</strong></span> <span class='ocrx_word' id='word_1_39' title='bbox 483 534 790 586; x_wconf 80' lang='lat' dir='ltr'><strong>constringunt,</strong></span> <span class='ocrx_word' id='word_1_40' title='bbox 821 532 1048 587; x_wconf 74' lang='lat' dir='ltr'>passiones,</span> <span class='ocrx_word' id='word_1_41' title='bbox 1081 543 1121 572; x_wconf 88' lang='lat' dir='ltr'><strong>et</strong></span> <span class='ocrx_word' id='word_1_42' title='bbox 1150 531 1244 573; x_wconf 81' lang='lat' dir='ltr'><strong>vitia</strong></span> <span class='ocrx_word' id='word_1_43' title='bbox 1275 542 1417 572; x_wconf 87' lang='lat' dir='ltr'><strong>nostra</strong></span> <span class='ocrx_word' id='word_1_44' title='bbox 1449 540 1558 578; x_wconf 90' lang='lat' dir='ltr'><strong>sunt,</strong></span> <span class='ocrx_word' id='word_1_45' title='bbox 1588 527 1681 584; x_wconf 87' lang='lat' dir='ltr'><strong>qui-</strong></span> 
     </span>
     <span class='ocr_line' id='line_1_7' title="bbox 266 604 1684 658; baseline -0.006 -5"><span class='ocrx_word' id='word_1_46' title='bbox 266 614 346 653; x_wconf 86' lang='lat' dir='ltr'><strong>bus</strong></span> <span class='ocrx_word' id='word_1_47' title='bbox 374 610 536 652; x_wconf 82' lang='lat' dir='ltr'><strong>tamdiu</strong></span> <span class='ocrx_word' id='word_1_48' title='bbox 563 608 838 658; x_wconf 78' lang='lat' dir='ltr'><strong>innectimur,</strong></span> <span class='ocrx_word' id='word_1_49' title='bbox 878 610 1014 650; x_wconf 87' lang='lat' dir='ltr'><strong>donec</strong></span> <span class='ocrx_word' id='word_1_50' title='bbox 1046 624 1214 650; x_wconf 82' lang='lat' dir='ltr'><strong>carnem</strong></span> <span class='ocrx_word' id='word_1_51' title='bbox 1243 618 1433 648; x_wconf 88' lang='lat' dir='ltr'><strong>nostram</strong></span> <span class='ocrx_word' id='word_1_52' title='bbox 1464 604 1684 657; x_wconf 78' lang='lat' dir='ltr'><strong>crucifiga-</strong></span> 
     </span>
     <span class='ocr_line' id='line_1_8' title="bbox 268 682 1684 742; baseline -0.006 -12"><span class='ocrx_word' id='word_1_53' title='bbox 268 706 360 731; x_wconf 86' lang='lat' dir='ltr'><strong>mus</strong></span> <span class='ocrx_word' id='word_1_54' title='bbox 392 704 490 729; x_wconf 91' lang='lat' dir='ltr'><strong>cum</strong></span> <span class='ocrx_word' id='word_1_55' title='bbox 518 687 625 729; x_wconf 88' lang='lat' dir='ltr'><strong>vitiis</strong></span> <span class='ocrx_word' id='word_1_56' title='bbox 656 699 695 728; x_wconf 92' lang='lat' dir='ltr'><strong>et</strong></span> <span class='ocrx_word' id='word_1_57' title='bbox 724 686 1092 742; x_wconf 73' lang='lat' dir='ltr'><strong>concupiscentiis:</strong></span> <span class='ocrx_word' id='word_1_58' title='bbox 1125 698 1164 726; x_wconf 87' lang='lat' dir='ltr'><strong>ct</strong></span> <span class='ocrx_word' id='word_1_59' title='bbox 1193 685 1248 726; x_wconf 83' lang='lat' dir='ltr'><strong>ita</strong></span> <span class='ocrx_word' id='word_1_60' title='bbox 1275 685 1446 725; x_wconf 88' lang='lat' dir='ltr'><strong>demum</strong></span> <span class='ocrx_word' id='word_1_61' title='bbox 1474 682 1684 733; x_wconf 86' lang='lat' dir='ltr'><strong>„disrum-</strong></span> 
     </span>
     <span class='ocr_line' id='line_1_9' title="bbox 268 758 1684 821; baseline -0.006 -15"><span class='ocrx_word' id='word_1_62' title='bbox 268 765 480 821; x_wconf 71' lang='lat' dir='ltr'><strong>pamus2)</strong></span> <span class='ocrx_word' id='word_1_63' title='bbox 518 765 684 806; x_wconf 85' lang='lat' dir='ltr'><strong>vincula</strong></span> <span class='ocrx_word' id='word_1_64' title='bbox 722 780 893 813; x_wconf 89' lang='lat' dir='ltr'><strong>eorum,</strong></span> <span class='ocrx_word' id='word_1_65' title='bbox 933 775 971 804; x_wconf 90' lang='lat' dir='ltr'><strong>et</strong></span> <span class='ocrx_word' id='word_1_66' title='bbox 1008 763 1281 821; x_wconf 78' lang='lat' dir='ltr'><strong>projiciamus</strong></span> <span class='ocrx_word' id='word_1_67' title='bbox 1320 779 1342 803; x_wconf 86' lang='lat' dir='ltr'><strong>a</strong></span> <span class='ocrx_word' id='word_1_68' title='bbox 1381 760 1505 802; x_wconf 85' lang='lat' dir='ltr'><strong>nobis</strong></span> <span class='ocrx_word' id='word_1_69' title='bbox 1537 758 1684 815; x_wconf 80' lang='lat' dir='ltr'><strong>jugum</strong></span> 
     </span>
     <span class='ocr_line' id='line_1_10' title="bbox 271 837 1682 898; baseline -0.005 -15"><span class='ocrx_word' id='word_1_70' title='bbox 271 842 505 898; x_wconf 85' lang='lat' dir='ltr'><strong>ipsorum.“</strong></span> <span class='ocrx_word' id='word_1_71' title='bbox 570 841 700 894; x_wconf 80' lang='lat' dir='ltr'><strong>Igitur</strong></span> <span class='ocrx_word' id='word_1_72' title='bbox 746 840 970 897; x_wconf 86' lang='lat' dir='ltr'><strong>occupavit</strong></span> <span class='ocrx_word' id='word_1_73' title='bbox 1017 857 1160 882; x_wconf 89' lang='lat' dir='ltr'><strong>semen</strong></span> <span class='ocrx_word' id='word_1_74' title='bbox 1218 838 1450 880; x_wconf 82' lang='lat' dir='ltr'><strong>Abrahami</strong></span> <span class='ocrx_word' id='word_1_75' title='bbox 1499 837 1682 879; x_wconf 81' lang='lat' dir='ltr'><strong>civitates</strong></span> 
     </span>
     <span class='ocr_line' id='line_1_11' title="bbox 273 914 1684 974; baseline -0.005 -14"><span class='ocrx_word' id='word_1_76' title='bbox 273 919 630 967; x_wconf 86' lang='lat' dir='ltr'><strong>adversariorum,</strong></span> <span class='ocrx_word' id='word_1_77' title='bbox 659 918 703 959; x_wconf 88' lang='lat' dir='ltr'><strong>id</strong></span> <span class='ocrx_word' id='word_1_78' title='bbox 734 930 815 973; x_wconf 74' lang='lat' dir='ltr'><strong>est,</strong></span> <span class='ocrx_word' id='word_1_79' title='bbox 845 934 987 959; x_wconf 89' lang='lat' dir='ltr'><strong>semen</strong></span> <span class='ocrx_word' id='word_1_80' title='bbox 1020 917 1157 967; x_wconf 78' lang='lat' dir='ltr'><strong>verbi,</strong></span> <span class='ocrx_word' id='word_1_81' title='bbox 1189 919 1306 974; x_wconf 89' lang='lat' dir='ltr'><strong>quod</strong></span> <span class='ocrx_word' id='word_1_82' title='bbox 1338 929 1397 958; x_wconf 88' lang='lat' dir='ltr'><strong>est</strong></span> <span class='ocrx_word' id='word_1_83' title='bbox 1425 914 1684 973; x_wconf 81' lang='lat' dir='ltr'><strong>praedicatio</strong></span> 
     </span>
     <span class='ocr_line' id='line_1_12' title="bbox 270 992 1747 1050; baseline -0.002 -16"><span class='ocrx_word' id='word_1_84' title='bbox 270 994 499 1048; x_wconf 81' lang='lat' dir='ltr'><strong>Evangelii,</strong></span> <span class='ocrx_word' id='word_1_85' title='bbox 529 1007 568 1035; x_wconf 90' lang='lat' dir='ltr'><strong>et</strong></span> <span class='ocrx_word' id='word_1_86' title='bbox 596 996 700 1036; x_wconf 82' lang='lat' dir='ltr'><strong>fides</strong></span> <span class='ocrx_word' id='word_1_87' title='bbox 733 995 897 1036; x_wconf 78' lang='lat' dir='ltr'><strong>Christi.</strong></span> <span class='ocrx_word' id='word_1_88' title='bbox 959 994 1045 1036; x_wconf 85' lang='lat' dir='ltr'><strong>Sed</strong></span> <span class='ocrx_word' id='word_1_89' title='bbox 1076 995 1195 1036; x_wconf 90' lang='lat' dir='ltr'><strong>dico:</strong></span> <span class='ocrx_word' id='word_1_90' title='bbox 1226 995 1437 1050; x_wconf 89' lang='lat' dir='ltr'><strong>numquid</strong></span> <span class='ocrx_word' id='word_1_91' title='bbox 1467 992 1688 1048; x_wconf 81' lang='lat' dir='ltr'><strong>iniquitate</strong></span> <span class='ocrx_word' id='word_1_92' title='bbox 1744 1014 1747 1027; x_wconf 82' lang='grc' dir='ltr'>ι</span> 
     </span>
     <span class='ocr_line' id='line_1_13' title="bbox 274 1071 1688 1128; baseline -0.002 -16"><span class='ocrx_word' id='word_1_93' title='bbox 274 1088 372 1112; x_wconf 88' lang='lat' dir='ltr'><strong>usus</strong></span> <span class='ocrx_word' id='word_1_94' title='bbox 402 1083 461 1112; x_wconf 89' lang='lat' dir='ltr'><strong>est</strong></span> <span class='ocrx_word' id='word_1_95' title='bbox 489 1071 718 1120; x_wconf 84' lang='lat' dir='ltr'><strong>Dominus,</strong></span> <span class='ocrx_word' id='word_1_96' title='bbox 745 1082 793 1111; x_wconf 89' lang='lat' dir='ltr'><strong>ut</strong></span> <span class='ocrx_word' id='word_1_97' title='bbox 822 1072 1002 1127; x_wconf 88' lang='lat' dir='ltr'><strong>eriperet</strong></span> <span class='ocrx_word' id='word_1_98' title='bbox 1041 1084 1180 1124; x_wconf 84' lang='lat' dir='ltr'><strong>gentes</strong></span> <span class='ocrx_word' id='word_1_99' title='bbox 1221 1074 1273 1113; x_wconf 88' lang='lat' dir='ltr'><strong>de</strong></span> <span class='ocrx_word' id='word_1_100' title='bbox 1302 1082 1510 1128; x_wconf 79' lang='lat' dir='ltr'><strong>potestate</strong></span> <span class='ocrx_word' id='word_1_101' title='bbox 1538 1071 1688 1110; x_wconf 88' lang='lat' dir='ltr'><strong>adver-</strong></span> 
     </span>
     <span class='ocr_line' id='line_1_14' title="bbox 276 1144 1690 1204; baseline -0.003 -14"><span class='ocrx_word' id='word_1_102' title='bbox 276 1148 510 1197; x_wconf 84' lang='lat' dir='ltr'><strong>sariorum,</strong></span> <span class='ocrx_word' id='word_1_103' title='bbox 555 1159 593 1188; x_wconf 91' lang='lat' dir='ltr'><strong>et</strong></span> <span class='ocrx_word' id='word_1_104' title='bbox 623 1148 676 1188; x_wconf 89' lang='lat' dir='ltr'><strong>ad</strong></span> <span class='ocrx_word' id='word_1_105' title='bbox 705 1148 833 1188; x_wconf 81' lang='lat' dir='ltr'><strong>fidem</strong></span> <span class='ocrx_word' id='word_1_106' title='bbox 863 1164 1005 1196; x_wconf 83' lang='lat' dir='ltr'><strong>suam,</strong></span> <span class='ocrx_word' id='word_1_107' title='bbox 1053 1147 1409 1204; x_wconf 82' lang='lat' dir='ltr'><strong>ditionemque3)</strong></span> <span class='ocrx_word' id='word_1_108' title='bbox 1445 1144 1690 1188; x_wconf 82' lang='lat' dir='ltr'><strong>revocaret?</strong></span> 
     </span>
     <span class='ocr_line' id='line_1_15' title="bbox 276 1219 1690 1280; baseline -0.002 -15"><span class='ocrx_word' id='word_1_109' title='bbox 276 1225 568 1280; x_wconf 80' lang='lat' dir='ltr'><strong>Nequaquam.</strong></span> <span class='ocrx_word' id='word_1_110' title='bbox 632 1223 736 1265; x_wconf 84' lang='lat' dir='ltr'><strong>Erat</strong></span> <span class='ocrx_word' id='word_1_111' title='bbox 776 1219 888 1265; x_wconf 87' lang='lat' dir='ltr'><strong>enim</strong></span> <span class='ocrx_word' id='word_1_112' title='bbox 933 1222 1163 1279; x_wconf 86' lang='lat' dir='ltr'><strong>aliquando</strong></span> <span class='ocrx_word' id='word_1_113' title='bbox 1200 1241 1297 1279; x_wconf 88' lang='lat' dir='ltr'><strong>pars</strong></span> <span class='ocrx_word' id='word_1_114' title='bbox 1334 1224 1517 1265; x_wconf 90' lang='lat' dir='ltr'><strong>Domini</strong></span> <span class='ocrx_word' id='word_1_115' title='bbox 1549 1223 1690 1272; x_wconf 84' lang='lat' dir='ltr'><strong>Israel,</strong></span> 
     </span>
     <span class='ocr_line' id='line_1_16' title="bbox 279 1300 1693 1357; baseline -0.003 -14"><span class='ocrx_word' id='word_1_116' title='bbox 279 1303 352 1343; x_wconf 85' lang='lat' dir='ltr'><strong>sed</strong></span> <span class='ocrx_word' id='word_1_117' title='bbox 368 1303 414 1357; x_wconf 76' lang='lat'><strong>⁴)</strong></span> <span class='ocrx_word' id='word_1_118' title='bbox 443 1301 504 1343; x_wconf 89' lang='lat' dir='ltr'><strong>illi</strong></span> <span class='ocrx_word' id='word_1_119' title='bbox 532 1317 711 1357; x_wconf 84' lang='lat' dir='ltr'><strong>peccare</strong></span> <span class='ocrx_word' id='word_1_120' title='bbox 739 1302 931 1342; x_wconf 81' lang='lat' dir='ltr'><strong>fecerunt</strong></span> <span class='ocrx_word' id='word_1_121' title='bbox 960 1301 1087 1342; x_wconf 88' lang='lat' dir='ltr'><strong>Israel</strong></span> <span class='ocrx_word' id='word_1_122' title='bbox 1126 1317 1147 1341; x_wconf 84' lang='lat' dir='ltr'><strong>a</strong></span> <span class='ocrx_word' id='word_1_123' title='bbox 1178 1300 1275 1342; x_wconf 89' lang='lat' dir='ltr'><strong>Deo</strong></span> <span class='ocrx_word' id='word_1_124' title='bbox 1306 1317 1408 1350; x_wconf 87' lang='lat' dir='ltr'><strong>suo,</strong></span> <span class='ocrx_word' id='word_1_125' title='bbox 1447 1311 1487 1341; x_wconf 90' lang='lat' dir='ltr'><strong>et</strong></span> <span class='ocrx_word' id='word_1_126' title='bbox 1515 1310 1693 1355; x_wconf 84' lang='lat' dir='ltr'><strong>propter</strong></span> 
     </span>
     <span class='ocr_line' id='line_1_17' title="bbox 284 1376 1691 1434; baseline -0.002 -14"><span class='ocrx_word' id='word_1_127' title='bbox 284 1390 458 1434; x_wconf 82' lang='lat' dir='ltr'><strong>peccata</strong></span> <span class='ocrx_word' id='word_1_128' title='bbox 500 1395 572 1420; x_wconf 85' lang='lat' dir='ltr'><strong>sua</strong></span> <span class='ocrx_word' id='word_1_129' title='bbox 616 1379 718 1420; x_wconf 72' lang='lat' dir='ltr'><strong>dixit</strong></span> <span class='ocrx_word' id='word_1_130' title='bbox 749 1379 798 1422; x_wconf 87' lang='lat' dir='ltr'><strong>iis</strong></span> <span class='ocrx_word' id='word_1_131' title='bbox 827 1379 968 1420; x_wconf 77' lang='lat' dir='ltr'><strong>Deus:</strong></span> <span class='ocrx_word' id='word_1_132' title='bbox 1013 1377 1197 1433; x_wconf 83' lang='lat' dir='ltr'><strong>„ecce⁵)</strong></span> <span class='ocrx_word' id='word_1_133' title='bbox 1225 1378 1407 1433; x_wconf 85' lang='lat' dir='ltr'><strong>peccatis</strong></span> <span class='ocrx_word' id='word_1_134' title='bbox 1436 1377 1578 1418; x_wconf 80' lang='lat' dir='ltr'><strong>vestris</strong></span> <span class='ocrx_word' id='word_1_135' title='bbox 1609 1376 1691 1417; x_wconf 87' lang='lat' dir='ltr'><strong>dis-</strong></span> 
     </span>
     <span class='ocr_line' id='line_1_18' title="bbox 282 1455 1692 1512; baseline -0.001 -17"><span class='ocrx_word' id='word_1_136' title='bbox 282 1455 400 1497; x_wconf 74' lang='lat' dir='ltr'><strong>tracti</strong></span> <span class='ocrx_word' id='word_1_137' title='bbox 441 1456 566 1506; x_wconf 69' lang='lat' dir='ltr'><strong>estis,³</strong></span> <span class='ocrx_word' id='word_1_138' title='bbox 608 1467 649 1498; x_wconf 86' lang='lat' dir='ltr'><strong>et</strong></span> <span class='ocrx_word' id='word_1_139' title='bbox 684 1468 863 1512; x_wconf 88' lang='lat' dir='ltr'><strong>propter</strong></span> <span class='ocrx_word' id='word_1_140' title='bbox 909 1467 1083 1512; x_wconf 89' lang='lat' dir='ltr'><strong>peccata</strong></span> <span class='ocrx_word' id='word_1_141' title='bbox 1115 1466 1248 1497; x_wconf 84' lang='lat' dir='ltr'><strong>vestra</strong></span> <span class='ocrx_word' id='word_1_142' title='bbox 1287 1455 1461 1511; x_wconf 87' lang='lat' dir='ltr'><strong>dispersi</strong></span> <span class='ocrx_word' id='word_1_143' title='bbox 1492 1455 1584 1496; x_wconf 88' lang='lat' dir='ltr'><strong>estis</strong></span> <span class='ocrx_word' id='word_1_144' title='bbox 1614 1455 1692 1495; x_wconf 85' lang='lat' dir='ltr'><strong>sub</strong></span> 
     </span>
     <span class='ocr_line' id='line_1_19' title="bbox 285 1531 1693 1583; baseline 0.001 -12"><span class='ocrx_word' id='word_1_145' title='bbox 285 1533 479 1575; x_wconf 81' lang='lat' dir='ltr'><strong>universo</strong></span> <span class='ocrx_word' id='word_1_146' title='bbox 510 1535 672 1575; x_wconf 88' lang='lat' dir='ltr'><strong>coelo.“</strong></span> <span class='ocrx_word' id='word_1_147' title='bbox 731 1533 817 1574; x_wconf 88' lang='lat' dir='ltr'><strong>Sed</strong></span> <span class='ocrx_word' id='word_1_148' title='bbox 848 1532 999 1574; x_wconf 89' lang='lat' dir='ltr'><strong>iterum</strong></span> <span class='ocrx_word' id='word_1_149' title='bbox 1032 1532 1132 1574; x_wconf 82' lang='lat' dir='ltr'><strong>dicit</strong></span> <span class='ocrx_word' id='word_1_150' title='bbox 1168 1534 1222 1574; x_wconf 82' lang='lat' dir='ltr'><strong>ad</strong></span> <span class='ocrx_word' id='word_1_151' title='bbox 1254 1549 1348 1574; x_wconf 89' lang='lat' dir='ltr'><strong>eos:</strong></span> <span class='ocrx_word' id='word_1_152' title='bbox 1388 1533 1446 1583; x_wconf 85' lang='lat' dir='ltr'><strong>„si</strong></span> <span class='ocrx_word' id='word_1_153' title='bbox 1477 1531 1604 1573; x_wconf 81' lang='lat' dir='ltr'><strong>fuerit</strong></span> <span class='ocrx_word' id='word_1_154' title='bbox 1632 1531 1693 1572; x_wconf 89' lang='lat' dir='ltr'><strong>di-</strong></span> 
     </span>
     <span class='ocr_line' id='line_1_20' title="bbox 283 1607 1695 1666; baseline -0.001 -16"><span class='ocrx_word' id='word_1_155' title='bbox 283 1610 442 1664; x_wconf 65' lang='lat' dir='ltr'><strong>spem-io</strong></span> <span class='ocrx_word' id='word_1_156' title='bbox 473 1623 606 1653; x_wconf 79' lang='lat' dir='ltr'><strong>vestra</strong></span> <span class='ocrx_word' id='word_1_157' title='bbox 638 1612 690 1652; x_wconf 88' lang='lat' dir='ltr'><strong>ab</strong></span> <span class='ocrx_word' id='word_1_158' title='bbox 723 1622 910 1652; x_wconf 75' lang='lat' dir='ltr'><strong>extremo</strong></span> <span class='ocrx_word' id='word_1_159' title='bbox 943 1611 1053 1652; x_wconf 89' lang='lat' dir='ltr'><strong>coeli</strong></span> <span class='ocrx_word' id='word_1_160' title='bbox 1082 1627 1215 1666; x_wconf 87' lang='lat' dir='ltr'><strong>usque</strong></span> <span class='ocrx_word' id='word_1_161' title='bbox 1247 1611 1299 1651; x_wconf 85' lang='lat' dir='ltr'><strong>ad</strong></span> <span class='ocrx_word' id='word_1_162' title='bbox 1331 1621 1563 1651; x_wconf 72' lang='lat' dir='ltr'><strong>extremum</strong></span> <span class='ocrx_word' id='word_1_163' title='bbox 1594 1607 1695 1666; x_wconf 87' lang='lat' dir='ltr'><strong>ejus,</strong></span> 
     </span>
     <span class='ocr_line' id='line_1_21' title="bbox 282 1685 1694 1742; baseline -0.001 -16"><span class='ocrx_word' id='word_1_164' title='bbox 282 1685 383 1727; x_wconf 86' lang='lat' dir='ltr'><strong>inde</strong></span> <span class='ocrx_word' id='word_1_165' title='bbox 416 1689 682 1741; x_wconf 85' lang='lat' dir='ltr'><strong>congregabo</strong></span> <span class='ocrx_word' id='word_1_166' title='bbox 714 1704 802 1736; x_wconf 85' lang='lat' dir='ltr'><strong>vos,</strong></span> <span class='ocrx_word' id='word_1_167' title='bbox 831 1686 930 1728; x_wconf 86' lang='lat' dir='ltr'><strong>dicit</strong></span> <span class='ocrx_word' id='word_1_168' title='bbox 957 1687 1214 1728; x_wconf 88' lang='lat' dir='ltr'><strong>Dominus.“</strong></span> <span class='ocrx_word' id='word_1_169' title='bbox 1288 1687 1400 1741; x_wconf 82' lang='lat' dir='ltr'><strong>Quia</strong></span> <span class='ocrx_word' id='word_1_170' title='bbox 1440 1703 1538 1739; x_wconf 87' lang='lat' dir='ltr'><strong>ergo</strong></span> <span class='ocrx_word' id='word_1_171' title='bbox 1575 1686 1694 1742; x_wconf 87' lang='lat' dir='ltr'><strong>prin-</strong></span> 
     </span>
     <span class='ocr_line' id='line_1_22' title="bbox 286 1763 1696 1822; baseline -0.001 -18"><span class='ocrx_word' id='word_1_172' title='bbox 286 1763 397 1819; x_wconf 88' lang='lat' dir='ltr'><strong>cipes</strong></span> <span class='ocrx_word' id='word_1_173' title='bbox 427 1763 550 1822; x_wconf 70' lang='lat' dir='ltr'><strong>lnujus</strong></span> <span class='ocrx_word' id='word_1_174' title='bbox 579 1764 731 1806; x_wconf 87' lang='lat' dir='ltr'><strong>mundi</strong></span> <span class='ocrx_word' id='word_1_175' title='bbox 759 1764 996 1805; x_wconf 88' lang='lat' dir='ltr'><strong>invaserant</strong></span> <span class='ocrx_word' id='word_1_176' title='bbox 1021 1775 1182 1819; x_wconf 82' lang='lat' dir='ltr'><strong>partem</strong></span> <span class='ocrx_word' id='word_1_177' title='bbox 1203 1764 1395 1813; x_wconf 86' lang='lat' dir='ltr'><strong>Domini,</strong></span> <span class='ocrx_word' id='word_1_178' title='bbox 1424 1779 1591 1804; x_wconf 89' lang='lat' dir='ltr'><strong>necesse</strong></span> <span class='ocrx_word' id='word_1_179' title='bbox 1621 1763 1696 1802; x_wconf 88' lang='lat' dir='ltr'><strong>ha-</strong></span> 
     </span>
     <span class='ocr_line' id='line_1_23' title="bbox 285 1839 1695 1897; baseline 0.001 -18"><span class='ocrx_word' id='word_1_180' title='bbox 285 1839 377 1880; x_wconf 86' lang='lat' dir='ltr'><strong>buit</strong></span> <span class='ocrx_word' id='word_1_181' title='bbox 405 1852 549 1896; x_wconf 88' lang='lat' dir='ltr'><strong>pastor</strong></span> <span class='ocrx_word' id='word_1_182' title='bbox 563 1841 608 1897; x_wconf 78' lang='lat'><strong>⁶)</strong></span> <span class='ocrx_word' id='word_1_183' title='bbox 638 1843 792 1891; x_wconf 90' lang='lat' dir='ltr'><strong>bonus,</strong></span> <span class='ocrx_word' id='word_1_184' title='bbox 821 1840 973 1882; x_wconf 89' lang='lat' dir='ltr'><strong>relictis</strong></span> <span class='ocrx_word' id='word_1_185' title='bbox 1004 1840 1048 1881; x_wconf 87' lang='lat' dir='ltr'><strong>in</strong></span> <span class='ocrx_word' id='word_1_186' title='bbox 1077 1841 1269 1897; x_wconf 87' lang='lat' dir='ltr'><strong>supernis</strong></span> <span class='ocrx_word' id='word_1_187' title='bbox 1288 1842 1517 1892; x_wconf 78' lang='lat' dir='ltr'><strong>nonaginta</strong></span> <span class='ocrx_word' id='word_1_188' title='bbox 1549 1852 1586 1881; x_wconf 90' lang='lat' dir='ltr'><strong>et</strong></span> <span class='ocrx_word' id='word_1_189' title='bbox 1615 1857 1695 1880; x_wconf 90' lang='lat' dir='ltr'><strong>no-</strong></span> 
     </span>
     <span class='ocr_line' id='line_1_24' title="bbox 285 1917 1696 1973; baseline 0.002 -18"><span class='ocrx_word' id='word_1_190' title='bbox 285 1933 390 1967; x_wconf 78' lang='lat' dir='ltr'><strong>vem,</strong></span> <span class='ocrx_word' id='word_1_191' title='bbox 420 1918 678 1959; x_wconf 83' lang='lat' dir='ltr'><strong>descendere</strong></span> <span class='ocrx_word' id='word_1_192' title='bbox 706 1919 757 1959; x_wconf 87' lang='lat' dir='ltr'><strong>ad</strong></span> <span class='ocrx_word' id='word_1_193' title='bbox 788 1929 931 1968; x_wconf 86' lang='lat' dir='ltr'><strong>terras,</strong></span> <span class='ocrx_word' id='word_1_194' title='bbox 967 1929 1008 1959; x_wconf 87' lang='lat' dir='ltr'><strong>et</strong></span> <span class='ocrx_word' id='word_1_195' title='bbox 1038 1934 1165 1958; x_wconf 87' lang='lat' dir='ltr'><strong>unam</strong></span> <span class='ocrx_word' id='word_1_196' title='bbox 1199 1934 1341 1966; x_wconf 89' lang='lat' dir='ltr'><strong>ovem,</strong></span> <span class='ocrx_word' id='word_1_197' title='bbox 1364 1934 1473 1973; x_wconf 90' lang='lat' dir='ltr'><strong>quae</strong></span> <span class='ocrx_word' id='word_1_198' title='bbox 1501 1917 1696 1973; x_wconf 83' lang='lat' dir='ltr'><strong>perierat,</strong></span> 
     </span>
     <span class='ocr_line' id='line_1_25' title="bbox 286 1993 1694 2051; baseline 0.003 -19"><span class='ocrx_word' id='word_1_199' title='bbox 286 2010 500 2048; x_wconf 86' lang='lat' dir='ltr'><strong>quaerere,</strong></span> <span class='ocrx_word' id='word_1_200' title='bbox 528 1994 827 2050; x_wconf 84' lang='lat' dir='ltr'><strong>inventamque</strong></span> <span class='ocrx_word' id='word_1_201' title='bbox 843 1993 887 2050; x_wconf 89' lang='lat'><strong>⁷)</strong></span> <span class='ocrx_word' id='word_1_202' title='bbox 919 2005 958 2035; x_wconf 88' lang='lat' dir='ltr'><strong>et</strong></span> <span class='ocrx_word' id='word_1_203' title='bbox 986 1995 1171 2036; x_wconf 89' lang='lat' dir='ltr'><strong>humeris</strong></span> <span class='ocrx_word' id='word_1_204' title='bbox 1203 2007 1433 2045; x_wconf 85' lang='lat' dir='ltr'><strong>revectam,</strong></span> <span class='ocrx_word' id='word_1_205' title='bbox 1464 1995 1517 2035; x_wconf 87' lang='lat' dir='ltr'><strong>ad</strong></span> <span class='ocrx_word' id='word_1_206' title='bbox 1547 2012 1694 2051; x_wconf 84' lang='lat' dir='ltr'><strong>super-</strong></span> 
     </span>
    </p>
   </div>
   <div class='ocr_carea' id='block_1_3' title="bbox 283 2070 1695 2128">
    <p class='ocr_par' dir='ltr' id='par_1_3' title="bbox 283 2070 1695 2128">
     <span class='ocr_line' id='line_1_26' title="bbox 283 2070 1695 2128; baseline 0.001 -18"><span class='ocrx_word' id='word_1_207' title='bbox 283 2087 387 2111; x_wconf 90' lang='lat' dir='ltr'><strong>num</strong></span> <span class='ocrx_word' id='word_1_208' title='bbox 416 2070 685 2127; x_wconf 86' lang='lat' dir='ltr'><strong>perfectionis</strong></span> <span class='ocrx_word' id='word_1_209' title='bbox 717 2071 824 2112; x_wconf 76' lang='lat' dir='ltr'><strong>ovile</strong></span> <span class='ocrx_word' id='word_1_210' title='bbox 854 2087 1066 2113; x_wconf 82' lang='lat' dir='ltr'><strong>revocare.</strong></span> <span class='ocrx_word' id='word_1_211' title='bbox 1125 2071 1210 2112; x_wconf 80' lang='lat' dir='ltr'><strong>Sed</strong></span> <span class='ocrx_word' id='word_1_212' title='bbox 1242 2071 1343 2127; x_wconf 88' lang='lat' dir='ltr'><strong>quid</strong></span> <span class='ocrx_word' id='word_1_213' title='bbox 1373 2072 1480 2112; x_wconf 84' lang='lat' dir='ltr'><strong>mihi</strong></span> <span class='ocrx_word' id='word_1_214' title='bbox 1509 2073 1695 2128; x_wconf 85' lang='lat' dir='ltr'><strong>prodest,</strong></span> 
     </span>
    </p>
   </div>
   <div class='ocr_carea' id='block_1_4' title="bbox 401 2279 1695 2408">
    <p class='ocr_par' dir='ltr' id='par_1_4' title="bbox 401 2279 1695 2408">
     <span class='ocr_line' id='line_1_27' title="bbox 405 2279 1324 2333; baseline 0.001 -14"><span class='ocrx_word' id='word_1_215' title='bbox 405 2279 448 2330; x_wconf 84' lang='lat'><strong>¹)</strong></span> <span class='ocrx_word' id='word_1_216' title='bbox 479 2279 573 2321; x_wconf 19' lang='lat' dir='ltr'><strong>Luc*</strong></span> <span class='ocrx_word' id='word_1_217' title='bbox 610 2281 680 2329; x_wconf 89' lang='lat' dir='ltr'><strong>IV,</strong></span> <span class='ocrx_word' id='word_1_218' title='bbox 712 2283 774 2324; x_wconf 75' lang='lat'><strong>19.</strong></span> <span class='ocrx_word' id='word_1_219' title='bbox 951 2280 995 2333; x_wconf 83' lang='lat'><strong>²)</strong></span> <span class='ocrx_word' id='word_1_220' title='bbox 1024 2280 1177 2321; x_wconf 77' lang='lat' dir='ltr'><strong>Psalm.</strong></span> <span class='ocrx_word' id='word_1_221' title='bbox 1206 2280 1258 2328; x_wconf 88' lang='lat' dir='ltr'><strong>ll,</strong></span> <span class='ocrx_word' id='word_1_222' title='bbox 1287 2282 1324 2323; x_wconf 88' lang='grc'><strong>3.</strong></span> 
     </span>
     <span class='ocr_line' id='line_1_28' title="bbox 401 2348 1695 2408; baseline 0.002 -17"><span class='ocrx_word' id='word_1_223' title='bbox 401 2350 448 2404; x_wconf 81' lang='lat'><strong>⁸)</strong></span> <span class='ocrx_word' id='word_1_224' title='bbox 479 2350 549 2391; x_wconf 90' lang='lat' dir='ltr'><strong>Sic</strong></span> <span class='ocrx_word' id='word_1_225' title='bbox 578 2349 677 2390; x_wconf 80' lang='lat' dir='ltr'><strong>Mss.</strong></span> <span class='ocrx_word' id='word_1_226' title='bbox 709 2349 821 2391; x_wconf 75' lang='lat' dir='ltr'><strong>Alias</strong></span> <span class='ocrx_word' id='word_1_227' title='bbox 850 2351 912 2405; x_wconf 75' lang='lat' dir='ltr'><strong>(v,</strong></span> <span class='ocrx_word' id='word_1_228' title='bbox 943 2366 974 2390; x_wconf 85' lang='lat' dir='ltr'><strong>c.</strong></span> <span class='ocrx_word' id='word_1_229' title='bbox 999 2349 1039 2389; x_wconf 87' lang='lat' dir='ltr'><strong>in</strong></span> <span class='ocrx_word' id='word_1_230' title='bbox 1065 2349 1159 2389; x_wconf 91' lang='lat' dir='ltr'><strong>edd.</strong></span> <span class='ocrx_word' id='word_1_231' title='bbox 1183 2348 1290 2404; x_wconf 88' lang='lat' dir='ltr'><strong>M.):</strong></span> <span class='ocrx_word' id='word_1_232' title='bbox 1320 2350 1695 2408; x_wconf 88' lang='lat' dir='ltr'><strong>„deditionemque</strong></span> 
     </span>
    </p>
   </div>
   <div class='ocr_carea' id='block_1_5' title="bbox 290 2406 637 2448">
    <p class='ocr_par' dir='ltr' id='par_1_5' title="bbox 290 2406 637 2448">
     <span class='ocr_line' id='line_1_29' title="bbox 290 2406 637 2448; baseline 0 -2"><span class='ocrx_word' id='word_1_233' title='bbox 290 2417 504 2448; x_wconf 80' lang='lat' dir='ltr'><strong>revocaret</strong></span> <span class='ocrx_word' id='word_1_234' title='bbox 514 2406 561 2447; x_wconf 84' lang='lat'><strong>?“</strong></span> <span class='ocrx_word' id='word_1_235' title='bbox 587 2407 637 2446; x_wconf 87' lang='lat' dir='ltr'><strong>R.</strong></span> 
     </span>
    </p>
   </div>
   <div class='ocr_carea' id='block_1_6' title="bbox 290 2475 1695 2686">
    <p class='ocr_par' dir='ltr' id='par_1_6' title="bbox 290 2475 1695 2686">
     <span class='ocr_line' id='line_1_30' title="bbox 405 2475 1694 2531; baseline 0.001 -15"><span class='ocrx_word' id='word_1_236' title='bbox 405 2476 450 2531; x_wconf 82' lang='lat'><strong>⁴)</strong></span> <span class='ocrx_word' id='word_1_237' title='bbox 481 2475 600 2518; x_wconf 82' lang='lat' dir='ltr'><strong>Mss.:</strong></span> <span class='ocrx_word' id='word_1_238' title='bbox 631 2477 730 2525; x_wconf 91' lang='lat' dir='ltr'><strong>„sed</strong></span> <span class='ocrx_word' id='word_1_239' title='bbox 761 2475 820 2516; x_wconf 85' lang='lat' dir='ltr'><strong>illi</strong></span> <span class='ocrx_word' id='word_1_240' title='bbox 851 2491 1028 2530; x_wconf 80' lang='lat' dir='ltr'><strong>peccare</strong></span> <span class='ocrx_word' id='word_1_241' title='bbox 1050 2476 1239 2515; x_wconf 78' lang='lat' dir='ltr'><strong>fecerunt</strong></span> <span class='ocrx_word' id='word_1_242' title='bbox 1267 2475 1393 2516; x_wconf 88' lang='lat' dir='ltr'><strong>Israel</strong></span> <span class='ocrx_word' id='word_1_243' title='bbox 1426 2493 1447 2517; x_wconf 87' lang='lat' dir='ltr'><strong>a</strong></span> <span class='ocrx_word' id='word_1_244' title='bbox 1479 2477 1574 2517; x_wconf 87' lang='lat' dir='ltr'><strong>Deo</strong></span> <span class='ocrx_word' id='word_1_245' title='bbox 1605 2495 1694 2526; x_wconf 81' lang='lat' dir='ltr'><strong>suo,</strong></span> 
     </span>
     <span class='ocr_line' id='line_1_31' title="bbox 291 2530 1695 2589; baseline 0.001 -17"><span class='ocrx_word' id='word_1_246' title='bbox 291 2544 327 2573; x_wconf 82' lang='lat' dir='ltr'><strong>et</strong></span> <span class='ocrx_word' id='word_1_247' title='bbox 357 2544 534 2588; x_wconf 84' lang='lat' dir='ltr'><strong>propter</strong></span> <span class='ocrx_word' id='word_1_248' title='bbox 561 2537 760 2587; x_wconf 86' lang='lat' dir='ltr'><strong>peccata“</strong></span> <span class='ocrx_word' id='word_1_249' title='bbox 790 2543 863 2572; x_wconf 92' lang='lat' dir='ltr'><strong>etc.</strong></span> <span class='ocrx_word' id='word_1_250' title='bbox 937 2531 1050 2571; x_wconf 82' lang='lat' dir='ltr'><strong>Alias</strong></span> <span class='ocrx_word' id='word_1_251' title='bbox 1091 2532 1149 2586; x_wconf 84' lang='lat' dir='ltr'><strong>(v.</strong></span> <span class='ocrx_word' id='word_1_252' title='bbox 1183 2548 1216 2572; x_wconf 93' lang='lat' dir='ltr'><strong>c.</strong></span> <span class='ocrx_word' id='word_1_253' title='bbox 1248 2530 1290 2571; x_wconf 85' lang='lat' dir='ltr'><strong>in</strong></span> <span class='ocrx_word' id='word_1_254' title='bbox 1325 2534 1419 2573; x_wconf 89' lang='lat' dir='ltr'><strong>cdd.</strong></span> <span class='ocrx_word' id='word_1_255' title='bbox 1450 2533 1559 2589; x_wconf 85' lang='lat' dir='ltr'><strong>M.):</strong></span> <span class='ocrx_word' id='word_1_256' title='bbox 1597 2535 1695 2583; x_wconf 83' lang='lat' dir='ltr'><strong>„scd</strong></span> 
     </span>
     <span class='ocr_line' id='line_1_32' title="bbox 290 2588 1694 2685; baseline 0.002 -58"><span class='ocrx_word' id='word_1_257' title='bbox 290 2588 606 2685; x_wconf 64' lang='lat' dir='ltr'><strong>quiarpeccafis</strong></span> <span class='ocrx_word' id='word_1_258' title='bbox 641 2599 894 2630; x_wconf 83' lang='lat' dir='ltr'><strong>recesserant</strong></span> <span class='ocrx_word' id='word_1_259' title='bbox 942 2605 964 2628; x_wconf 80' lang='lat' dir='ltr'><strong>a</strong></span> <span class='ocrx_word' id='word_1_260' title='bbox 1006 2588 1101 2628; x_wconf 89' lang='lat' dir='ltr'><strong>Deo</strong></span> <span class='ocrx_word' id='word_1_261' title='bbox 1143 2605 1242 2638; x_wconf 66' lang='grc' dir='ltr'>δυο,</span> <span class='ocrx_word' id='word_1_262' title='bbox 1283 2600 1461 2644; x_wconf 87' lang='lat' dir='ltr'><strong>propter</strong></span> <span class='ocrx_word' id='word_1_263' title='bbox 1498 2596 1694 2645; x_wconf 84' lang='lat' dir='ltr'><strong>peccata“</strong></span> 
     </span>
     <span class='ocr_line' id='line_1_33' title="bbox 291 2656 448 2686; baseline 0.006 -1"><span class='ocrx_word' id='word_1_264' title='bbox 291 2656 365 2686; x_wconf 81' lang='lat' dir='ltr'><strong>etc.</strong></span> <span class='ocrx_word' id='word_1_265' title='bbox 419 2664 448 2686; x_wconf 84' lang='grc' dir='ltr'><strong>ι.</strong></span> 
     </span>
    </p>
   </div>
   <div class='ocr_carea' id='block_1_7' title="bbox 404 2713 1030 2832">
    <p class='ocr_par' dir='ltr' id='par_1_7' title="bbox 404 2713 1030 2832">
     <span class='ocr_line' id='line_1_34' title="bbox 405 2713 1016 2769; baseline -0.007 -12"><span class='ocrx_word' id='word_1_266' title='bbox 405 2715 448 2769; x_wconf 89' lang='lat'><strong>⁵)</strong></span> <span class='ocrx_word' id='word_1_267' title='bbox 481 2714 567 2758; x_wconf 88' lang='lat' dir='ltr'><strong>Cfr.</strong></span> <span class='ocrx_word' id='word_1_268' title='bbox 600 2715 774 2756; x_wconf 89' lang='lat' dir='ltr'><strong>Nehem.</strong></span> <span class='ocrx_word' id='word_1_269' title='bbox 805 2714 835 2763; x_wconf 91' lang='lat' dir='ltr'><strong>l,</strong></span> <span class='ocrx_word' id='word_1_270' title='bbox 865 2713 1016 2757; x_wconf 82' lang='grc'>8.-9.</span> 
     </span>
     <span class='ocr_line' id='line_1_35' title="bbox 404 2782 1030 2832; baseline -0.006 -4"><span class='ocrx_word' id='word_1_271' title='bbox 404 2782 450 2828; x_wconf 62' lang='lat'><strong>⁶)</strong></span> <span class='ocrx_word' id='word_1_272' title='bbox 482 2783 567 2825; x_wconf 81' lang='lat' dir='ltr'><strong>Csr.</strong></span> <span class='ocrx_word' id='word_1_273' title='bbox 598 2784 746 2824; x_wconf 78' lang='lat' dir='ltr'><strong>Matth.</strong></span> <span class='ocrx_word' id='word_1_274' title='bbox 777 2783 934 2832; x_wconf 86' lang='lat' dir='ltr'><strong>XVIII,</strong></span> <span class='ocrx_word' id='word_1_275' title='bbox 966 2785 1030 2827; x_wconf 80' lang='grc'><strong>12.</strong></span> 
     </span>
    </p>
   </div>
   <div class='ocr_carea' id='block_1_8' title="bbox 409 2851 1651 2908">
    <p class='ocr_par' dir='ltr' id='par_1_8' title="bbox 409 2851 1651 2908">
     <span class='ocr_line' id='line_1_36' title="bbox 409 2851 1651 2908; baseline -0.001 -14"><span class='ocrx_word' id='word_1_276' title='bbox 409 2851 452 2906; x_wconf 82' lang='lat'><strong>⁷)</strong></span> <span class='ocrx_word' id='word_1_277' title='bbox 480 2852 590 2895; x_wconf 91' lang='lat' dir='ltr'><strong>Edd.</strong></span> <span class='ocrx_word' id='word_1_278' title='bbox 621 2853 815 2896; x_wconf 77' lang='lat' dir='ltr'><strong>Mer-lini:</strong></span> <span class='ocrx_word' id='word_1_279' title='bbox 845 2854 1143 2908; x_wconf 86' lang='lat' dir='ltr'><strong>inventamque</strong></span> <span class='ocrx_word' id='word_1_280' title='bbox 1174 2869 1264 2895; x_wconf 86' lang='lat' dir='ltr'><strong>eam</strong></span> <span class='ocrx_word' id='word_1_281' title='bbox 1296 2865 1334 2895; x_wconf 90' lang='lat' dir='ltr'><strong>et</strong></span> <span class='ocrx_word' id='word_1_282' title='bbox 1365 2853 1547 2896; x_wconf 84' lang='lat' dir='ltr'><strong>humeris</strong></span> <span class='ocrx_word' id='word_1_283' title='bbox 1579 2865 1651 2895; x_wconf 85' lang='lat' dir='ltr'><strong>etc.</strong></span> 
     </span>
    </p>
   </div>
  </div>
 </body>
</html>
