1764 3096
286 131 370 177 258
881 124 1104 168 Ommzms

287 245 386 287 fecit
414 257 615 295 magnum
647 228 886 280 conviviurn
912 238 1084 288 Paulus,
1114 238 1158 279 in
1188 247 1368 286 tantum,
1398 246 1457 285 ut,
1488 251 1584 276 eum
1609 249 1711 278 esset

289 323 402 378 apud
435 337 533 368 eos,
564 330 604 359 et
636 328 793 368 egeret,
824 315 933 356 nulli
962 316 1082 357 oneri
1114 326 1239 364 esset,
1283 329 1361 354 nec
1401 329 1555 368 panem
1587 314 1711 366 gratis

288 402 340 440 ab
372 399 516 454 aliquo
547 396 847 436 manducaret:
892 395 964 435 sed
1003 393 1080 434 sibi
1123 404 1160 432 et
1201 391 1420 441 omnibus,
1465 390 1538 446 qui
1568 406 1710 432 secum

289 488 432 525 erant,
472 486 601 515 nocte
640 484 679 512 et
720 471 787 512 die
827 471 1069 512 laborantes
1106 487 1256 512 manus
1285 484 1384 511 suae
1412 468 1712 511 ministrarent.

289 553 461 608 Tam¹)
503 567 600 603 ergo
644 550 771 601 longe
821 549 995 589 aberant
1036 547 1267 596 Corinthii,
1317 545 1470 602 quibus
1509 562 1713 598 magnum

291 629 530 671 convivium
563 628 695 676 fieret,
726 627 834 680 ut2)
866 643 918 667 ne
948 626 1171 666 minimum
1205 624 1391 680 quidem,
1423 624 1487 663 vel
1518 623 1712 675 exiguum

288 708 402 763 apud
439 722 510 746 eos
543 703 811 761 praedicator
835 703 951 744 verbi
974 703 1056 744 Dvi
1078 703 1264 758 potuerit
1284 703 1441 742 habere
1459 700 1711 743 convivium.

290 783 377 838 Qui
407 800 506 824 vero
540 782 678 823 sciunt
707 782 853 822 audire
883 781 1130 836 perfectius,
1164 779 1235 835 qui
1268 778 1453 819 eruditos
1485 790 1525 818 et
1556 778 1712 819 exerci-

286 873 395 902 tatos
427 862 478 901 ad
511 859 773 900 audiendum
812 860 988 899 verbum
1023 857 1104 898 Dei
1137 858 1333 897 deserunt
1362 873 1518 905 sensus,
1549 856 1635 897 istis
1665 856 1712 896 fit

287 954 488 989 magnum
521 935 782 976 convivium:
816 952 912 976 cum
944 935 1030 976 istis
1059 936 1255 990 epulatur
1286 934 1418 982 Isaac,
1451 945 1491 973 et
1520 950 1608 974 non
1641 949 1712 973 so—

289 1016 378 1055 lum
415 1014 633 1068 epulatur,
674 1014 748 1053 sed
788 1024 828 1053 et
858 1029 1029 1065 surgens
1062 1029 1159 1053 curn
1200 1011 1441 1068 juramento
1483 1009 1532 1050 iis
1562 1025 1711 1064 pacem

288 1092 341 1131 de
372 1090 523 1130 futuris
553 1089 777 1144 promittit.
838 1089 1024 1130 Oremus
1056 1106 1154 1141 ergo
1188 1101 1227 1129 et
1251 1106 1329 1129 nos
1348 1089 1421 1129 tali
1452 1098 1607 1136 mente,
1638 1085 1711 1127 tali

287 1169 373 1210 fide
404 1167 605 1207 accedere
635 1165 689 1205 ad
720 1164 982 1206 audiendum
1012 1167 1190 1207 verbum
1221 1166 1319 1214 Dei,
1349 1177 1396 1206 ut
1419 1168 1555 1206 facere
1585 1162 1711 1204 nobis

288 1245 484 1296 dignetur
516 1241 754 1283 convivium
771 1259 985 1295 magnum.
1036 1242 1251 1298 Sapientia
1283 1242 1393 1282 enim
1424 1239 1713 1298 ‚‚jugulavit³)

286 1321 443 1362 hostias
474 1336 581 1369 suas,
611 1319 779 1361 miscuit
808 1319 851 1361 in
884 1332 1043 1361 cratere
1071 1319 1216 1360 vinum
1248 1336 1386 1368 suum,
1418 1329 1458 1359 et
1485 1317 1598 1358 misit
1626 1333 1713 1358 ser·
1759 1345 1761 1352 ι

286 1415 360 1438 vos
391 1414 488 1438 suos
503 1404 540 1447 ‚“
585 1397 658 1453 qui
688 1414 836 1438 omnes
868 1410 1084 1453 quotquot
1112 1397 1362 1446 invenerint,
1390 1397 1628 1451 perducant
1658 1397 1712 1436 ad

286 1474 524 1515 convivium
555 1492 691 1515 suum.
760 1475 948 1516 Tantum
978 1487 1060 1524 est,
1099 1487 1145 1515 ut
1177 1487 1216 1516 et
1253 1491 1331 1516 nos
1362 1472 1534 1525 ingressi
1564 1472 1710 1514 convi-

286 1552 402 1593 vium
434 1550 674 1606 Sapientiae
709 1568 801 1593 non
843 1569 1013 1593 rursum
1052 1552 1280 1593 nobiscum
1318 1550 1570 1592 indumenta
1609 1550 1710 1592 insi-

287 1628 473 1684 pientiae
504 1630 759 1678 deseramus,
788 1646 878 1671 non
909 1629 1167 1671 infidelitatis
1196 1641 1308 1670 veste
1331 1628 1591 1678 circumdati,
1621 1645 1711 1669 non
1761 1677 1764 1685 ⁴

283 1717 564 1761 peccatorum
595 1706 771 1746 maculis
802 1706 973 1747 fuscati:
1004 1708 1078 1747 sed
1108 1707 1149 1747 in
1171 1706 1439 1762 simplicitate
1457 1718 1495 1746 et
1524 1705 1709 1761 puritate

285 1781 426 1823 cordis
467 1782 773 1837 amplectamur
802 1784 999 1833 verbum,
1045 1795 1085 1824 et
1116 1783 1281 1825 divinae
1311 1783 1538 1839 sapientiae
1568 1785 1707 1824 famu·
1762 1835 1764 1845 γ

283 1858 444 1917 lemur,
491 1859 564 1914 qui
604 1872 663 1900 est
702 1859 892 1901 Christus
921 1861 1058 1911 Jews,
1089 1861 1304 1902 Dominus
1334 1873 1500 1911 noster,
1548 1860 1615 1902 cui
1648 1872 1708 1902 est

283 1935 420 1988 gloria
452 1947 493 1976 et
521 1934 749 1991 imperium
781 1936 824 1976 in
854 1937 1020 1978 saecula
1051 1938 1332 1980 saeculorum.
1394 1940 1546 1981 Amen.

463 2052 614 2060 ’-

403 2138 447 2192 ¹)
476 2139 588 2180 Edd.
620 2139 816 2181 Merlini:
849 2140 1037 2182 Tantum
1069 2157 1167 2193 ergo
1200 2152 1278 2183 etc.

399 2208 446 2263 ²)
475 2208 586 2250 Edd.
616 2208 813 2250 B'Ierh'ni:
844 2223 892 2251 ut
921 2228 999 2252 nec
1028 2210 1255 2255 minimum
1285 2223 1359 2254 etc.

398 2278 445 2333 ³)
475 2278 601 2321 Prov.
632 2279 707 2329 lx,
738 2281 777 2322 2.
807 2281 847 2324 3.
