1764 3096
469 86 516 115 m
548 72 748 114 GENEsm
777 72 978 114 HommA
1005 74 1099 115 XII.
1411 77 1496 121 235

80 204 196 230 nunc
224 188 403 228 refertur
432 185 485 225 de
513 183 722 234 Rebecca,
753 186 871 239 quod
889 184 934 239 ¹)
974 185 1076 226 abiit
1111 185 1373 238 interrogare
1401 188 1497 230 Do-

80 265 265 306 minum:
297 277 427 317 quae,
466 271 513 301 ut
551 260 749 310 diximus,
790 261 924 302 abisse
960 278 1052 303 non
1089 261 1278 318 passibus
1322 264 1496 318 pedum,

18 395 23 398 .
80 343 154 383 sed
191 339 341 380 mentis
381 337 642 394 profectibus
681 336 953 380 existimanda
994 351 1063 380 est.
1134 339 1188 379 Et
1221 351 1268 379 tu
1300 355 1421 391 ergo,
1463 341 1496 381 si

81 415 269 472 coeperis
299 414 453 455 intueri
482 432 574 456 non
605 430 665 464 ea,
696 430 805 469 quae
836 415 1042 465 videntur,
1072 419 1145 458 sed
1175 433 1282 472 quae
1311 434 1403 457 non
1434 417 1493 457 vi-

80 495 243 542 dentur,
273 492 319 533 id
350 504 429 541 est,
467 509 559 533 non
605 492 811 541 carnalia,
853 494 926 533 sed
956 493 1213 548 spiritualia,
1251 510 1341 533 non
1371 511 1496 548 prae-

77 570 231 620 sentia,
268 571 342 611 sed
379 571 542 617 futura,
584 569 732 610 abiisse
773 568 923 610 diceris
953 568 1212 621 interrogare
1243 569 1495 611 Dominum.

79 645 126 688 Si
157 662 275 688 eruas
305 658 346 687 te
377 647 429 688 de
461 645 781 687 conversatione
809 645 951 694 veteri,
982 657 1020 686 et
1048 662 1069 687 a
1096 646 1312 688 consortio
1333 664 1496 698 eorum,

80 739 177 764 cum
207 722 359 779 quibus
388 723 568 778 turpiter
611 734 649 763 et
678 722 922 763 notabiliter
951 722 1132 771 vixeras,
1170 725 1355 767 honestis
1395 742 1495 766 vero

78 811 118 841 te
148 817 195 841 ac
225 800 425 852 religiosis
455 801 615 842 actibus
654 799 810 842 socies:
853 815 947 839 cum
978 798 1200 853 requisitus
1229 802 1356 843 fueris
1386 802 1496 843 inter

79 879 243 919 sodales
273 876 567 934 turpitudinis,
608 888 648 918 et
675 876 720 917 in
753 875 924 917 catervis
953 876 1180 916 noxiorum
1226 893 1494 932 nequaquam

78 955 205 996 fueris
236 966 445 1010 repertus:
479 953 632 996 dicitur
662 964 702 994 et
733 954 784 994 de
811 964 864 1003 te,
895 951 993 1008 quia
1022 952 1210 1008 „abiit2)
1236 953 1498 1007 interrogare

79 1031 362 1073 Dominum.“
420 1032 490 1073 Sic
519 1031 645 1083 igitur
673 1031 808 1073 sancti
836 1047 927 1070 non
959 1031 1012 1071 de
1042 1030 1141 1070 loco
1165 1032 1216 1071 ad
1236 1032 1393 1080 locum,
1424 1034 1497 1072 sed

81 1110 134 1149 de
163 1109 242 1150 vita
275 1110 328 1150 ad
359 1109 500 1159 vitam,
531 1110 584 1149 de
613 1106 810 1149 institutis
848 1107 993 1163 primis
1034 1108 1191 1148 abeunt
1228 1109 1281 1148 ad
1311 1107 1498 1149 instituta

79 1185 263 1242 potiora.

189 1263 228 1305 3.
256 1261 374 1302 Dixit
413 1277 511 1314 ergo
546 1260 583 1301 ei
621 1260 856 1303 Dominus:
892 1260 1088 1316 ‚,duae³)
1130 1272 1270 1312 gentes
1299 1260 1343 1302 in
1373 1272 1496 1303 utero

79 1350 155 1379 tuo
185 1350 294 1390 sunt,
325 1350 364 1379 et
394 1340 480 1379 duo
511 1338 666 1393 populi
697 1339 749 1378 de
776 1351 921 1380 ventre
950 1351 1024 1380 tuo
1048 1339 1388 1392 segregabuntur.
1444 1339 1501 1379 Et

79 1416 266 1471 populus
302 1416 514 1471 populum
553 1417 790 1470 superabit,
843 1427 881 1456 et
927 1414 1066 1472 major
1101 1415 1251 1457 serviet
1297 1414 1498 1457 minori.“

83 1490 320 1544 Quomodo
350 1492 536 1547 populus
566 1493 1086 1547 populum=superaverit,
1126 1492 1170 1533 id
1204 1503 1284 1541 est,
1324 1492 1499 1533 ecclesia

80 1583 357 1626 synagogam,
403 1580 441 1609 et
480 1570 702 1623 quomodo
745 1567 886 1626 major
914 1568 1064 1609 serviat
1081 1568 1126 1622 4)
1157 1567 1334 1618 minori,
1375 1571 1499 1610 etiarn

79 1644 180 1699 ipsis
210 1643 382 1685 Judaeis
412 1643 508 1685 licet
536 1662 627 1686 non
661 1645 932 1686 credentibus
961 1657 1113 1685 notum
1132 1645 1176 1700 ⁵)
1211 1657 1279 1686 cst.
1338 1646 1405 1686 De
1436 1647 1498 1689 his

82 1736 194 1772 ergO,
226 1737 332 1777 quae
359 1722 501 1776 palam
532 1733 640 1772 sunt,
672 1733 711 1762 et
739 1722 858 1762 valde
891 1723 1088 1763 omnibus
1119 1724 1228 1772 trita,
1261 1722 1401 1764 dicere
1431 1742 1501 1765 su-

81 1797 292 1852 perfluum
314 1810 435 1853 puto.
478 1800 605 1848 Illud,
637 1798 671 1840 si
688 1798 922 1855 placeat,⁶)
943 1800 1168 1849 addamus:
1192 1801 1310 1855 quod
1341 1818 1499 1842 unum-

82 1890 294 1930 quemque
323 1887 530 1926 nostrum,
562 1876 635 1932 qui
665 1876 768 1916 haec
799 1875 933 1925 audit,
972 1877 1195 1917 aedificare
1226 1889 1264 1917 et
1293 1878 1500 1919 instruere

85 1963 222 2006 queat.
278 1952 370 2002 Ego
387 1952 430 2006 ⁷)
460 1963 589 2006 puto,
631 1954 750 2007 quod
789 1964 828 1993 et
867 1954 920 1993 de
947 1953 1119 2003 singulis
1148 1953 1273 1994 nobis
1302 1953 1385 1994 hoc
1416 1955 1500 1996 dici

84 2039 244 2083 potest,
281 2029 379 2083 quia
420 2028 528 2069 duae
559 2040 721 2080 gentes,
764 2040 803 2068 et
835 2030 921 2069 duo
963 2029 1115 2084 populi
1143 2029 1253 2070 intra
1282 2047 1360 2071 nos
1390 2044 1498 2073 sunt.

83 2105 195 2145 Nam
228 2117 265 2146 et
293 2105 485 2146 virtutem
518 2105 705 2160 populus
734 2105 843 2146 intra
878 2122 956 2147 nos
996 2118 1074 2156 est,
1119 2117 1157 2146 et
1194 2105 1393 2147 vitiorum
1432 2109 1497 2149 ni-

83 2179 321 2221 hilominus
360 2182 546 2236 populus
585 2181 694 2221 intra
735 2198 814 2222 nos
859 2193 929 2222 est.
1007 2182 1162 2238 „De⁸)
1208 2186 1338 2225 corde
1386 2186 1497 2227 enim

83 2268 232 2298 nostro
278 2259 520 2313 procedunt
569 2256 840 2309 cogitationes
883 2259 1042 2308 malae,
1089 2260 1320 2312 adulteria,
1374 2264 1499 2313 furta,

201 2388 246 2445 ¹)
275 2389 385 2432 Edd.
415 2389 608 2431 'Merliniz
641 2391 750 2446 quia.

201 2460 246 2515 ²)
279 2460 366 2502 Cfr.
398 2460 549 2502 Genes.
580 2460 719 2511 XXV,
747 2462 816 2503 22.

202 2529 250 2584 3)
279 2529 430 2576 'Matth
462 2531 602 2581 XXV,
631 2532 698 2573 23.
818 2529 863 2585 ⁴)
893 2530 1001 2572 Edd.
1033 2530 1228 2574 Mcrlini:
1262 2534 1421 2576 serviet.

204 2598 249 2653 ⁵)
280 2599 389 2641 Edd.
421 2600 614 2641 Merlini:
646 2613 796 2642 notum
831 2613 898 2642 cst.
959 2600 1034 2642 His
1067 2617 1163 2653 ergo
1198 2614 1272 2645 etc.

203 2667 248 2724 ὅ)
278 2669 387 2712 Edd.
418 2670 608 2711 Merlini:
639 2672 788 2725 placet.

206 2738 250 2791 ⁷)
281 2739 390 2781 Edd.
424 2739 617 2780 Merlini:
647 2740 762 2791 Ergo
793 2752 895 2795 puto
930 2752 1004 2780 etc.

206 2809 251 2862 ⁵⁵)
280 2810 432 2854 Matth.
463 2810 557 2862 XV,
590 2811 652 2854 19.
685 2835 738 2841 —
771 2809 861 2853 Gal.
896 2811 943 2858 V,
976 2814 1042 2854 20.
1073 2815 1138 2855 ⁶21.
