1764 3096
256 104 340 147 136
853 98 1073 141 Qum-:ms

259 226 298 257 et
328 214 420 256 finis
453 212 625 263 mundi,
668 228 794 268 quem
834 223 1057 253 venturum
1091 207 1211 258 dicit,
1243 207 1493 262 designatur.
1554 210 1671 255 Sicut

259 307 358 345 ergo
393 302 494 332 tunc
526 291 687 332 dictum
719 301 777 330 cst
808 289 861 329 ad
889 287 1009 329 illurn
1041 287 1148 336 Noe,
1178 296 1223 326 ut
1252 286 1408 327 faceret
1437 303 1603 337 arcam,
1632 300 1672 330 et

258 368 550 410 introduceret
577 366 619 407 in
651 382 742 407 eam
769 381 912 406 secum
942 381 1031 405 non
1064 365 1203 406 solum
1234 363 1356 413 filios,
1387 375 1423 404 et
1455 363 1673 419 proximos

257 460 368 493 suos,
400 459 543 484 verum
575 444 699 485 etiam
730 442 878 484 diversi
908 443 1068 495 generis
1097 440 1319 481 animalia:
1361 440 1415 481 ita
1464 439 1586 481 etiam
1619 442 1671 481 ad

258 532 449 562 nostrum
481 521 589 568 Noe,
620 520 691 575 qui
721 535 817 560 vere
843 518 959 560 solus
989 517 1117 573 justus
1151 528 1188 558 ct
1217 516 1332 558 solus
1361 517 1571 572 perfectus
1602 528 1676 567 est,

258 597 497 638 Dominum
529 597 676 639 Jesum
697 595 925 645 Christum,
954 595 997 636 in
1017 592 1383 636 consummatione
1404 594 1675 635 saeculorum

260 673 421 714 dictum
456 685 513 715 est
543 690 565 715 a
595 685 736 730 patre,
775 685 822 714 ut
859 675 1016 714 faceret
1053 671 1132 713 sibi
1172 687 1312 712 arcam
1344 686 1390 710 ex
1420 669 1539 722 lignis
1570 686 1675 726 qua-

259 751 400 801 dratis,
431 761 470 791 et
498 766 715 792 mensuras
746 750 782 791 ei
813 751 931 791 daret
961 748 1208 790 coelestibus
1237 745 1506 789 sacramentis
1536 747 1675 802 reple-

258 837 330 869 tas.
391 826 487 868 Hoc
517 826 628 868 enim
661 826 902 880 designatur
934 826 978 867 in
1008 825 1192 874 Psalmo,
1223 823 1299 865 ubi
1330 822 1452 864 dicit:
1491 834 1614 879 „pete
1634 822 1676 877 ¹)

260 920 284 945 a
314 919 394 953 me,
423 916 463 946 et
493 905 607 946 dabo
638 904 713 945 tibi
742 915 881 957 gentes
913 902 1184 944 hereditatem
1215 913 1344 950 tuam,
1383 911 1422 941 et
1449 900 1677 956 possessio-

260 997 356 1022 nem
389 992 504 1022 tuam
538 981 743 1022 terminos
780 985 957 1022 terrae.“
1034 979 1250 1021 Construit
1288 992 1386 1029 ergo
1432 993 1596 1027 arcam,
1638 988 1678 1017 et

260 1056 358 1099 facit
387 1057 430 1098 in
461 1072 507 1098 ea
538 1058 676 1107 nidos,
704 1057 748 1098 id
781 1069 850 1106 est,
881 1056 1144 1113 promtuaria
1174 1057 1395 1111 quaedam,
1427 1054 1580 1110 quibus
1612 1053 1677 1095 di-

261 1135 365 1176 versi
396 1134 558 1186 generis
589 1133 786 1200 animalia
816 1133 1086 1188 recipiantur.
1133 1133 1202 1172 De
1221 1133 1373 1187 quibus
1399 1142 1439 1172 et
1467 1131 1678 1187 propheta

261 1211 384 1252 dicit:
426 1210 652 1267 „perge,²)
692 1209 880 1265 populus
909 1225 1048 1258 meus,
1085 1208 1193 1250 intra
1225 1210 1268 1249 in
1298 1207 1564 1265 promtuaria
1596 1219 1679 1257 tua,

260 1288 479 1328 absconde
507 1298 547 1328 te
576 1302 832 1342 parumper,
872 1286 1011 1326 donec
1040 1297 1221 1327 transeat
1256 1287 1379 1326 furor
1405 1284 1493 1325 irae
1521 1290 1681 1326 meae.“

262 1363 498 1407 Confertur
527 1378 626 1415 ergo
656 1363 844 1419 populus
875 1361 966 1412 hic,
997 1361 1070 1418 qui
1097 1363 1278 1404 salvatur
1301 1361 1345 1402 in
1375 1361 1568 1412 ecclesia,
1599 1362 1680 1403 illis

261 1425 486 1491 omnibus,
524 1441 609 1483 sive
648 1439 918 1489 hominibus,
949 1438 1034 1480 sive
1064 1438 1339 1489 animalibus,
1378 1454 1487 1494 quae
1526 1439 1682 1481 salvata

259 1529 356 1559 sunt
384 1518 427 1559 in
460 1535 570 1560 arca.
643 1519 808 1559 Verum
847 1516 1052 1573 quoniam
1090 1533 1182 1557 non
1224 1529 1282 1558 est
1319 1517 1514 1558 omnium
1545 1533 1678 1557 unum

260 1594 473 1644 meritum,
502 1611 582 1635 nec
611 1612 722 1636 unus
751 1594 794 1635 in
826 1594 912 1635 fide
941 1595 1180 1649 profectus,
1218 1592 1379 1634 idcirco
1413 1605 1452 1634 et
1482 1609 1576 1634 arca
1606 1593 1681 1635 illa

260 1687 350 1711 non
383 1688 514 1712 unam
543 1672 719 1727 praebet
751 1671 949 1711 omnibus
980 1670 1270 1719 mansionem,
1309 1671 1384 1711 sed
1423 1669 1678 1711 bicamerata

260 1759 358 1789 sunt
387 1747 604 1797 inferiora,
637 1758 675 1788 et
691 1747 955 1789 tricamerata
974 1747 1208 1802 superiora,
1239 1758 1279 1787 et
1304 1747 1393 1788 nidi
1416 1745 1678 1799 distinguun-

259 1835 329 1864 tur
355 1823 400 1864 in
430 1840 502 1865 ea:
533 1835 580 1864 ut
609 1825 827 1877 ostendat,
864 1823 963 1880 quia
1004 1835 1043 1864 et
1085 1823 1130 1864 in
1161 1823 1355 1871 ecclesia,
1404 1823 1500 1865 licet
1532 1840 1680 1865 omncs

260 1901 369 1941 intra
399 1918 531 1942 unam
560 1902 692 1941 fidem
722 1900 1032 1950 contineantur,
1066 1912 1189 1956 atque
1219 1918 1306 1942 uno
1334 1900 1586 1956 baptismate
1617 1901 1681 1942 di-

259 1977 452 2027 luantur,
486 1995 576 2018 non
619 1988 761 2018 tamen
793 1994 903 2018 uuus
935 1978 1135 2018 omnibus
1164 1989 1288 2032 atque
1320 1976 1439 2018 idem'
1465 1981 1682 2035 profectus

261 2066 331 2102 est,
360 2055 434 2095 sed
462 2054 754 2110 unusquisque
781 2053 826 2095 in
857 2071 933 2094 suo
966 2053 1130 2096 ordine.
1189 2053 1246 2094 Hi
1276 2054 1472 2109 quidem,
1502 2055 1575 2111 qui
1604 2073 1682 2111 per

260 2130 557 2172 rationabilem
586 2129 802 2171 scientiam
833 2130 998 2181 vivunt,
1039 2143 1079 2172 et
1114 2130 1262 2173 idonei
1298 2143 1395 2173 sunt
1423 2149 1512 2173 non
1541 2134 1679 2173 solum

262 2218 391 2248 semet
428 2206 544 2262 ipsos
574 2222 737 2258 regere,
774 2208 849 2248 sed
888 2218 930 2247 et
969 2207 1072 2248 alios
1104 2209 1279 2257 docere,
1324 2209 1526 2263 quoniam
1559 2211 1680 2250 valde

261 2282 388 2340 pauci
417 2282 712 2333 inveniuntur,
754 2283 1069 2339 paucorum,³)
1117 2284 1190 2340 qui
1223 2301 1320 2325 cum
1350 2284 1443 2340 ipso
1474 2286 1569 2328 Noe
1598 2286 1678 2327 sal-

379 2485 422 2540 ¹)
454 2485 604 2527 Psalm.
637 2486 688 2533 ll,
717 2486 754 2527 8.
901 2484 948 2539 2)
978 2486 1103 2526 Jesai.
1130 2486 1287 2536 XXVI,
1318 2488 1384 2528 20.

374 2555 422 2609 3)
452 2555 546 2596 Vox
576 2562 879 2610 „pau(301·urn,“
918 2573 1024 2610 quae
1063 2556 1106 2597 in
1155 2555 1293 2596 Codd.
1327 2557 1423 2598 Mss.
1458 2558 1680 2613 reperitur,

263 2627 301 2651 ct
331 2614 559 2653 necessaria
593 2625 671 2661 est,
719 2612 981 2653 desideratur
1020 2614 1064 2653 in
1108 2625 1228 2653 antea
1262 2614 1379 2653 editis
1430 2616 1484 2668 (v.
1520 2632 1552 2655 c.
1584 2614 1680 2654 edd.

257 2667 436 2721 M.),ubi
476 2669 586 2709 male
626 2671 749 2709 etiam
795 2669 901 2708 infra
937 2681 1032 2721 post
1061 2669 1344 2723 „junguntuff‘
1373 2672 1580 2725 sequitur:
1613 2682 1681 2718 „et

259 2735 405 2764 tenent
434 2725 648 2776 figuram.“
707 2726 816 2764 Ham
849 2726 1096 2781 conjunctio
1140 2733 1231 2773 „et“
1274 2728 1549 2780 expungenda
1580 2738 1680 2775 erat,

262 2779 420 2834 quippe
451 2797 559 2836 quae
591 2798 758 2824 sensum
789 2783 1031 2837 perturbet,
1072 2797 1211 2837 neque
1242 2781 1415 2838 insuper
1445 2784 1604 2835 legatur
1634 2781 1678 2822 in

259 2834 359 2876 Mss.
392 2835 439 2876 R.
