1764 3096
455 127 501 156 m
542 112 741 154 GENESm
779 109 981 152 HommA
1005 108 1123 151 XIII.
1414 108 1500 152 243

88 228 282 271 omnium
309 226 404 268 illos
433 237 585 281 puteos
615 224 764 266 fodere
793 221 1000 278 voluit,¹)
1030 237 1136 277 quos
1156 221 1355 262 foderant
1378 219 1504 275 pueri

87 305 216 361 patris
243 303 328 347 sui:
366 302 468 355 legis
496 300 649 343 scilicet
679 311 718 340 et
746 299 1055 355 prophetarum
1093 297 1227 339 voluit
1256 308 1408 352 puteos
1436 296 1504 337 in-

87 396 265 430 novare,
304 395 410 435 quos
448 377 659 420 Philistini
696 388 807 417 terra
838 377 1112 432 repleverant.
1181 373 1270 428 Qui
1296 384 1396 415 sunt
1424 372 1503 423 isti,

88 456 161 511 qui
190 467 299 496 terra
326 466 480 511 puteos
508 452 702 511 replent?
747 453 814 495 Illi
830 453 918 493 siue
948 453 1096 501 dubio,
1122 449 1195 507 qui
1223 450 1269 492 in
1299 450 1391 502 lege
1418 462 1503 491 ter-

86 548 231 574 renam
265 543 305 573 et
336 534 547 574 carnalem
585 529 903 582 intelligentiam
942 540 1134 585 ponunt,
1175 539 1215 569 et
1242 528 1507 584 spiritualem

89 626 135 650 ac
166 610 379 669 mysticam
410 610 626 657 claudunt,
654 619 701 649 ut
728 623 868 662 neque
896 605 977 661 ipsi
1015 605 1186 655 bibant,
1221 621 1362 661 neque
1399 603 1505 645 alios

87 686 236 728 bibere
265 685 522 740 permittant.
580 683 695 726 Audi
721 684 837 724 Isaac
866 681 1106 723 Dominum
1134 694 1329 724 nostrum
1357 681 1505 723 Jesum

91 762 303 804 Christum
320 763 365 818 2)
395 762 439 803 iu
469 760 706 813 Evangeliis
737 760 968 801 dicentem:
1008 758 1169 814 „vae3)
1209 758 1350 809 vobis,
1391 756 1508 799 Scri-

88 841 170 879 bae
216 851 256 880 et
304 837 543 888 Pharisaei,
588 836 853 895 hypocritae!
899 836 1103 892 quoniam
1149 834 1299 876 tulistis
1346 835 1505 876 clavem

91 915 309 966 scientiae,
352 927 392 957 et
419 930 559 970 neque
587 914 668 970 ipsi
696 913 920 963 introistis,
958 929 1098 969 neque
1130 912 1291 953 intrare
1320 912 1509 953 volentes

90 993 375 1049 permisistis.“
442 991 515 1033 Isti
550 1002 647 1033 sunt
685 1006 810 1044 ergo,
849 990 921 1046 qui
951 1001 1126 1045 puteos,
1167 1005 1274 1045 quos
1311 989 1511 1030 foderant

89 1070 214 1127 pueri
245 1068 487 1117 Abraham,
531 1079 640 1108 terra
679 1069 971 1123 repleverunt,
1011 1066 1084 1122 qui
1121 1066 1256 1117 legem
1288 1065 1512 1107 carnaliter

92 1149 261 1197 docent,
291 1159 330 1187 et
345 1146 387 1201 ⁴)
420 1162 547 1201 aquas
575 1145 707 1187 sancti
739 1144 918 1200 Spiritus
956 1144 1184 1186 maculant.
1243 1141 1332 1197 Qui
1359 1153 1512 1198 puteos

93 1226 146 1266 ad
176 1224 260 1264 hoc
290 1225 462 1272 habent,
492 1239 582 1263 non
612 1233 658 1262 ut
688 1237 840 1277 aquam
870 1222 1112 1276 proferant,
1149 1220 1224 1262 sed
1260 1230 1307 1260 ut
1351 1230 1511 1260 terram

91 1312 268 1357 ponant.
337 1299 429 1341 Hos
471 1314 569 1351 ergo
607 1310 759 1354 puteos
799 1298 1039 1350 aggreditur
1075 1298 1224 1338 fodere
1261 1297 1390 1339 Isaac.
1456 1296 1514 1336 Et

92 1380 329 1427 videamus,
376 1378 598 1432 quomodo
641 1393 712 1417 eos
751 1376 873 1418 fodit.
943 1374 1055 1416 Cum
1093 1373 1217 1430 pueri
1251 1373 1389 1426 Isaac,
1438 1373 1513 1429 qui

94 1467 191 1499 sunt
218 1454 415 1510 Apostoli
446 1453 625 1495 Domini
654 1453 811 1503 nostri,
840 1452 1076 1501 transirent,
1106 1449 1258 1506 inquit,
1289 1467 1368 1506 per
1397 1464 1512 1501 sege·

92 1544 152 1574 tes
182 1532 372 1581 sabbato,
401 1531 613 1572 vellebant
634 1530 779 1586 spicas,
812 1541 850 1570 et
878 1528 1157 1570 confricantes
1175 1526 1371 1568 manibus
1393 1543 1515 1568 man-

96 1610 323 1651 ducabant.
383 1606 508 1649 Tunc
540 1622 638 1659 ergo
670 1607 867 1648 dicebant
898 1604 935 1646 ei
965 1603 1056 1655 isti,
1086 1604 1159 1660 qui
1185 1616 1297 1645 terra
1326 1605 1515 1660 repleve-

96 1698 191 1728 rant
219 1697 370 1742 puteos
400 1685 530 1740 patris
562 1683 670 1740 ejus:
700 1698 837 1733 ,‚ecce,
855 1682 899 1737 ⁵)
930 1681 1128 1737 discipuli
1144 1680 1205 1722 tui
1228 1680 1390 1721 faciunt
1416 1681 1516 1722 sab-

96 1764 217 1812 batis,
248 1763 366 1819 quod
395 1778 487 1802 non
515 1760 652 1804 licet.“
718 1760 795 1802 Ille
834 1771 880 1801 ut
921 1770 1140 1800 terrenum
1171 1774 1320 1799 eorum
1349 1758 1518 1799 foderet

96 1842 371 1890 intellectum,
403 1838 503 1881 dicit
531 1838 586 1879 ad
616 1854 710 1881 eos:
739 1854 858 1888 „non
873 1835 918 1894 6)
949 1834 1121 1889 legistis,
1166 1834 1269 1891 quid
1295 1835 1397 1876 fecit
1425 1835 1518 1875 Da·-

97 1919 191 1969 vid,
222 1935 319 1959 cum
350 1915 524 1959 esuriret
551 1915 660 1971 ipse,
700 1927 739 1956 et
770 1915 843 1971 qui
874 1931 970 1956 cum
998 1915 1091 1969 ipso
1124 1923 1263 1961 erant,
1292 1912 1516 1966 quomodo

97 1993 266 2036 intravit
308 1996 361 2035 ad
400 1992 575 2033 Abiatar
616 1992 902 2039 sacerdotem,
952 2001 992 2030 et
1032 2005 1162 2045 panes
1212 1988 1518 2044 propositionis

100 2070 372 2113 manducavit
399 2069 510 2124 ipse,
551 2080 590 2109 et
629 2066 752 2122 pueri
780 2067 866 2116 sui,
896 2082 1004 2121 quos
1033 2082 1122 2106 non
1152 2064 1307 2106 licebat
1335 2067 1518 2106 mandu-

103 2165 199 2190 care
233 2148 314 2189 nisi
343 2147 440 2189 solis
470 2144 759 2187 sacerdotibus
777 2142 823 2184 ?“
880 2142 938 2183 Et
967 2143 1030 2184 his
1065 2142 1248 2184 addidit:
1289 2142 1408 2197 „si⁷)
1436 2143 1517 2185 sci·

221 2273 265 2328 1)
297 2271 409 2315 Alias
440 2273 502 2330 (v.
534 2290 566 2314 c.
598 2272 644 2313 in
675 2271 769 2312 edd.
799 2269 905 2321 Μ,);
945 2269 1072 2318 „vult,
1100 2283 1207 2323 quos
1235 2268 1435 2310 foderant
1464 2295 1517 2304 —

102 2331 187 2375 sui:
218 2329 317 2381 legis
357 2354 408 2361 -
447 2329 767 2386 prophetarum.
846 2325 948 2367 Vult
986 2336 1136 2381 puteos
1173 2324 1405 2367 innovare“
1444 2339 1518 2369 etc.

37 2390 42 2392 ³
104 2388 191 2431 Sed
218 2386 317 2428 Mss.
347 2396 395 2427 ut
422 2386 467 2427 in
497 2398 643 2427 nostro
674 2395 799 2425 textu.
829 2381 880 2422 R.

220 2455 268 2511 2)
297 2456 393 2496 Vox
423 2454 694 2505 ,‚Christum“
725 2454 842 2494 deest
868 2451 913 2493 in
947 2461 1069 2492 antea
1108 2448 1227 2493 editis
1270 2451 1328 2507 (e.
1362 2468 1394 2494 c.
1425 2453 1520 2497 edd.

104 2513 203 2570 Μ.),
232 2513 307 2555 sed
342 2511 551 2568 reperitur
578 2511 625 2552 in
654 2509 754 2553 Mss.
784 2509 835 2551 R.

221 2582 268 2638 ³>
298 2582 399 2623 Luc.
428 2581 505 2630 xl,
534 2583 601 2624 52.

225 2651 271 2709 4)
301 2651 421 2693 Mss.:
456 2661 523 2700 „et
554 2666 680 2706 aquas
717 2648 875 2692 sancti“
917 2659 993 2689 etc.
1051 2645 1167 2688 Alias
1197 2648 1256 2701 (v.
1289 2665 1321 2689 c.
1350 2648 1396 2691 in
1427 2651 1522 2693 edd,

107 2708 216 2764 M.):
247 2719 314 2758 „et
345 2724 498 2762 aquam
520 2707 679 2749 sancti“
709 2717 784 2747 etc.
815 2704 866 2746 R.

226 2777 271 2831 ⁵)
302 2776 452 2817 Matth.
483 2776 579 2826 XII,
606 2776 647 2818 2.
763 2774 810 2830 ⁶)
841 2774 987 2816 Matth.
1018 2771 1116 2823 ΧΠ,
1144 2773 1182 2815 3.
1213 2773 1251 2815 4.

229 2845 275 2901 ⁹)
306 2845 456 2888 Matth.
486 2845 584 2897 XII,
613 2847 652 2889 7.
684 2845 779 2888 coll.
811 2843 915 2889 Hos.
945 2843 1018 2894 VI,
1047 2843 1088 2888 6.

1153 2918 1253 2962 16*
