1764 3096
301 142 387 186 276
905 135 1125 178 Omcssms

303 252 499 309 quaginta
524 249 632 292 siclis
671 247 896 300 argenteis,
943 260 982 289 et
1021 246 1284 303 quartarium
1325 245 1519 286 stercoris
1560 247 1729 287 colum-

306 330 396 379 binj
427 329 617 384 quinque
649 325 894 377 argenteis.“
935 325 1019 365 Sed
1055 324 1195 366 subito
1226 339 1304 378 per
1334 323 1510 363 verbum
1541 324 1732 378 prophe-

308 420 374 448 tae
406 406 450 445 snt
481 405 588 445 mira
620 402 856 449 conversim
888 403 1084 443 dicentis:
1118 400 1304 451 ‚,au‹li¹)
1334 399 1508 440 verbum
1533 400 1729 441 Domini.

308 483 425 524 Haec
457 481 558 522 dicit
589 479 804 519 Dominus
837 478 974 519 Deus:
1015 478 1120 518 sicut
1152 478 1228 516 hac
1261 476 1366 515 hora
1400 476 1580 517 crastino
1612 492 1732 516 men-

308 578 403 600 sura
434 555 676 608 similaginis
706 554 808 596 siclo
843 571 948 602 uno,
981 568 1019 595 et
1051 556 1159 594 (luae
1190 569 1416 593 mensurae
1445 552 1595 594 hordei
1626 552 1731 593 siclo

307 654 396 677 uno
428 635 470 675 in
504 632 637 688 portis
669 631 886 675 Samariae
921 637 1079 672 erunt.“
1140 631 1267 671 Vides
1301 646 1399 682 ergo
1434 646 1478 670 ex
1497 630 1560 670 his
1593 629 1731 669 omni-

308 714 386 752 bus
417 710 519 766 quid
553 709 786 759 colligatur,
817 707 927 762 quia,
960 724 1054 747 cum
1081 720 1232 747 terram
1254 709 1382 749 sames
1411 707 1611 755 obtineat,
1641 722 1732 747 non

304 790 442 830 solum
475 803 564 827 non
597 784 758 826 obtinet
789 782 938 840 justos,
976 786 1048 825 sed
1080 786 1245 825 medula
1286 784 1426 838 potius
1456 800 1533 838 per
1565 800 1634 824 eos
1666 782 1730 822 in-

306 876 490 906 tentatae
523 862 632 904 cladi
663 863 861 902 defertur.

422 943 461 982 4.
496 939 606 980 Cum
642 955 739 991 ergo
772 939 912 979 videas
931 937 1174 994 hujusmodi
1195 937 1501 979 observantiam
1524 937 1567 977 in
1590 936 1729 977 omni-

311 1021 390 1059 bus
423 1032 532 1072 pene
562 1014 797 1068 scripturae
827 1027 996 1056 sanctae
1026 1016 1129 1056 locis
1167 1016 1325 1065 integre
1358 1013 1586 1062 custodiri,
1624 1030 1728 1052 con-

310 1105 422 1134 verte
463 1093 565 1132 haec
606 1090 659 1132 ad
699 1090 913 1144 tropicum
958 1102 995 1130 et
1045 1090 1316 1141 allegoricum
1361 1107 1552 1140 sensum,
1603 1106 1729 1145 quem

309 1172 501 1226 ipsorum
533 1166 812 1208 nihilominus
843 1167 1151 1221 prophetarum
1189 1169 1455 1209 sermonibus
1486 1168 1730 1208 edocemur.

309 1249 430 1288 Unus
473 1244 585 1285 enim
629 1259 674 1283 ex
727 1243 956 1283 duodecim
994 1242 1214 1298 prophetis
1257 1255 1401 1298 aperte
1441 1255 1479 1283 et
1517 1243 1731 1283 evidenter

307 1324 566 1381 spiritualem
600 1320 681 1361 dici
712 1321 869 1361 samem
900 1320 1019 1360 nudo
1050 1336 1248 1360 sermone
1273 1318 1535 1375 pronuntiat,
1566 1319 1728 1360 dicens:
1760 1355 1764 1358 ⁴

305 1417 430 1452 „ecce
447 1400 492 1454 2)
525 1399 611 1439 dies
640 1397 833 1446 veniunt,
875 1396 976 1437 dicit
1003 1396 1240 1446 Dominus,
1285 1409 1324 1437 et
1355 1396 1540 1437 emittam
1573 1398 1729 1438 famem
1760 1411 1761 1438 t

306 1495 432 1534 super
461 1488 631 1523 terram,
660 1491 751 1515 non
781 1476 936 1515 samem
969 1473 1112 1529 panis,
1156 1490 1296 1529 neque
1325 1473 1434 1514 sitim
1466 1490 1621 1529 aquae,
1653 1475 1727 1515 sed
1758 1510 1759 1514 ,

308 1557 461 1595 famem
493 1551 695 1593 audiendi
724 1552 900 1591 verbum
933 1551 1151 1592 Domini.“
1195 1550 1336 1600 Vides,
1368 1566 1477 1605 quae
1505 1551 1555 1592 sit
1585 1551 1729 1600 sames,
1757 1583 1758 1586 η

307 1647 414 1686 quae
447 1631 610 1670 obtinet
639 1626 913 1683 peccatores?
970 1627 1110 1676 Vides,
1142 1644 1249 1683 quae
1267 1628 1319 1669 sit
1348 1629 1492 1676 sames,
1523 1644 1632 1682 quae
1660 1628 1728 1668 in·
1762 1666 1764 1679 ἐ

313 1709 491 1748 valescat
521 1722 649 1761 super
678 1702 864 1745 terram?
933 1703 1021 1757 Qui
1054 1707 1165 1746 enim
1199 1705 1251 1744 de
1287 1716 1397 1745 terra
1427 1716 1544 1754 sunt,
1577 1716 1615 1744 et
1644 1716 1727 1745 ter-

309 1800 409 1824 rena
439 1783 621 1838 sapiunt,
653 1793 690 1821 ct
720 1796 809 1820 non
836 1792 1011 1835 possunt
1031 1780 1260 1836 percipere,
1293 1796 1401 1836 quae
1430 1793 1527 1821 sunt
1557 1781 1724 1836 spiritus

305 1859 402 1909 Dei,
434 1861 589 1900 famem
620 1857 735 1897 verbi
766 1857 849 1897 Dei
879 1856 1117 1912 patiuntur,
1163 1857 1262 1907 legis
1297 1860 1496 1898 mandata
1526 1874 1617 1898 non
1650 1875 1725 1899 au-

309 1937 454 1985 diunt,
502 1933 790 1989 correptiones
835 1933 1142 1988 prophetarum
1190 1933 1406 1982 nesciunt,
1455 1934 1751 1989 Apostolicas

306 2011 620 2054 consolationes
650 2010 860 2062 ignorant,
888 2025 978 2049 non
1006 2009 1189 2050 sentiunt
1204 2009 1422 2060 Evangelii
1451 2011 1721 2053 medicinam.

304 2090 359 2130 Et
387 2089 486 2129 ideo
519 2089 572 2128 de
603 2087 665 2127 his
694 2084 844 2126 merito
873 2085 1049 2134 dicitur,
1081 2085 1259 2140 qu0d³)
1290 2081 1466 2126 invaluit
1495 2087 1624 2128 sames
1653 2104 1723 2128 su-

304 2183 382 2221 per
413 2181 497 2206 eos.
552 2163 678 2203 Justis
716 2174 876 2211 autem,
926 2163 1037 2203 etin
1075 2162 1166 2213 lege
1204 2162 1386 2203 Domini
1424 2162 1722 2204 meditantibus

305 2242 374 2282 die
403 2257 452 2280 ac
481 2250 620 2287 nocte,
649 2239 854 2293 sapientia
883 2250 1108 2293 praeparat
1123 2237 1166 2293 ⁴)
1205 2255 1393 2280 mensam
1424 2257 1567 2288 suam,
1607 2241 1720 2282 occi—

303 2318 368 2358 dit
397 2314 581 2357 victimas
623 2331 741 2362 suas,
778 2315 985 2368 miscet⁵)
1025 2315 1070 2356 in
1115 2327 1274 2356 cratere
1312 2317 1455 2357 vinum
1496 2334 1638 2366 suum,
1679 2330 1718 2359 et

304 2411 469 2436 summa
498 2408 601 2432 voce
631 2392 796 2442 clamat,
827 2408 917 2431 non
946 2403 991 2431 ut
1021 2408 1168 2433 omnes
1185 2392 1365 2443 veniant,
1396 2409 1486 2433 non
1504 2404 1550 2433 ut
1581 2394 1717 2435 abun-

306 2472 463 2519 dantes,
493 2485 585 2510 non
615 2480 660 2509 ut
691 2467 856 2518 divites,
894 2483 1033 2524 neque
1070 2480 1117 2509 ut
1154 2468 1360 2524 sapientes
1403 2468 1527 2527 hujus
1567 2471 1717 2512 mundi

421 2658 464 2711 ¹)
494 2658 535 2698 II
565 2657 689 2707 Regg.
721 2655 813 2705 VII,
844 2659 880 2700 1.
912 2656 995 2711 <lv
1024 2656 1173 2712 Regg.)

416 2727 462 2781 2)
493 2729 635 2768 Amos.
664 2724 779 2774 VIII,
808 2725 874 2766 11.
990 2724 1036 2780 3)
1069 2726 1179 2770 Edd.
1208 2726 1402 2771 Merlini:
1433 2729 1542 2785 qui-‘22

414 2796 459 2851 4’)
493 2795 581 2837 Cfr.
613 2795 735 2836 Proin
766 2794 842 2845 IX,
870 2795 909 2835 2.
940 2795 978 2836 3.
1013 2797 1052 2836 4.
1118 2810 1125 2815 “

413 2864 456 2921 ⁵)
486 2865 597 2908 Edd.
625 2862 822 2906 Merlini:
851 2862 1026 2906 miscuit.

1761 1640 1764 1656 4
