1764 3096
298 115 383 157 206
900 110 1121 154 Omssssms

300 239 364 268 ret
393 245 415 269 a
445 224 603 267 vobis.“
670 223 742 266 Sic
775 238 874 275 ergo
907 239 1015 279 quac
1048 222 1252 265 obtuleris
1280 223 1401 271 Deo,
1441 225 1717 280 multiplicata

301 304 488 360 recipies.
555 301 659 343 Tale
692 301 872 355 aliquid,
903 300 998 342 licet
1028 318 1105 357 per
1144 301 1268 342 aliam
1301 302 1501 351 figuram,
1541 305 1718 345 refertur

299 383 344 423 in
364 379 614 431 Evangeliis,
631 377 674 433 ¹)
707 395 803 418 cum
828 394 906 433 per
930 377 1180 433 parabolam
1203 378 1357 419 dIcitur
1388 380 1596 435 accepisse
1625 380 1717 434 quis

300 475 458 508 mnam,
489 469 535 498 ut
551 456 850 507 negotiaretur,
880 466 917 496 et
937 455 1224 510 patrifamilias
1242 455 1468 510 pecuniam
1487 469 1717 512 quaereret.

300 536 386 577 Sed
418 534 450 575 si
482 532 668 576 attuleris
699 530 886 587 quinque
917 533 1196 588 multiplicata
1238 533 1279 573 in
1313 533 1483 580 decem,
1525 533 1601 574 tibi
1640 534 1719 589 ipsi

299 614 529 660 donantur,
558 609 633 650 tibi
667 611 975 651 conceduntur.
1034 609 1146 650 Audi
1179 609 1291 650 enim
1324 610 1427 664 quid
1459 611 1580 652 dicit:
1612 612 1721 660 „tol-

296 688 440 742 lite,²)
471 688 629 743 inquit,
658 687 756 729 huic
787 705 953 737 mnam,
993 699 1032 728 ct
1066 688 1161 727 date
1190 686 1272 736 iffi,
1313 687 1385 741 qui
1416 688 1543 728 habet
1572 689 1718 728 decem

297 770 459 806 mnaS.“
517 765 588 805 Sic
619 781 717 818 ergo
749 765 943 806 videmur
971 764 1144 820 quidem
1174 763 1368 805 Domino
1398 764 1618 816 negotiari,
1646 765 1720 806 scd

296 841 421 883 nobis
453 842 610 883 cedunt
638 842 936 895 negotiationis
970 843 1106 883 lucra:
1143 853 1181 882 et
1215 842 1408 882 videmur
1438 841 1596 881 offerre
1624 840 1721 881 Do-

297 919 413 960 mino
454 918 632 969 hostias,
683 922 755 962 sed
795 918 942 969 nobis,
1001 935 1113 975 quae
1157 918 1400 968 offerimus,
1442 919 1721 959 redonantur.

298 996 417 1037 Deus
451 998 562 1037 enim
594 997 751 1038 nullius
783 997 961 1048 indiget,
997 997 1069 1038 sed
1110 1012 1188 1037 nos
1220 997 1305 1036 vult
1337 994 1481 1036 divites
1511 1010 1610 1044 esse,
1638 1010 1720 1035 no·
1756 1026 1759 1035 .

295 1084 427 1114 strum
446 1074 655 1113 desiderat
684 1089 762 1127 per
789 1072 951 1124 singula
968 1089 1160 1129 quaeque
1181 1074 1435 1130 profectum.
1493 1071 1611 1113 Haec
1638 1087 1719 1112 no-

295 1149 360 1190 his
379 1151 512 1200 figura
531 1148 767 1190 ostenditur
787 1149 912 1189 etiam
942 1150 986 1190 in
1020 1149 1094 1198 his,
1121 1166 1229 1205 quae
1258 1161 1366 1202 gesta
1380 1162 1476 1192 sunt
1493 1166 1588 1202 erga
1617 1149 1718 1189 Job.

294 1225 352 1266 Et
381 1228 452 1268 ille
492 1225 603 1266 enim
642 1237 820 1281 propter
849 1225 989 1265 Deum
1034 1226 1222 1281 perdidit
1260 1227 1424 1275 omnia,
1465 1242 1561 1266 cum
1604 1225 1718 1266 dives

294 1315 411 1345 esset.
480 1304 566 1344 Sed
608 1304 705 1358 quia
744 1301 920 1359 pertulit
959 1302 1068 1342 bene
1109 1318 1263 1355 agones
1303 1301 1551 1358 patientiae,
1593 1312 1633 1341 et
1671 1301 1715 1341 in

294 1381 508 1429 omnibus,
539 1397 647 1436 quae
677 1397 819 1436 passus
850 1390 921 1428 est,
951 1380 1243 1430 magnanimus
1264 1381 1356 1430 fuit,
1387 1392 1427 1421 et
1447 1378 1568 1420 dixit:
1597 1378 1719 1428 „Do·
1761 1385 1764 1412 ἓ

293 1457 494 1512 minus3)
525 1458 653 1509 dedit,
684 1457 899 1499 Dominus
929 1456 1119 1498 abstulit:
1157 1467 1204 1497 ut
1234 1456 1428 1498 Domino
1460 1456 1632 1512 placuit,
1660 1454 1717 1496 ita
1759 1476 1762 1487 ·

293 1537 452 1576 sactum
483 1547 554 1585 est,
582 1537 632 1578 sit
660 1551 822 1576 nomen
849 1533 1031 1575 Domini
1061 1534 1331 1577 benedictum
1346 1540 1383 1575 :“
1411 1533 1506 1575 vide
1537 1535 1591 1574 ad
1618 1532 1717 1573 ulti-
1760 1533 1764 1542 '

292 1627 426 1661 mum,
457 1614 561 1668 quid
592 1614 645 1654 de
668 1629 718 1653 eo
749 1611 982 1653 scribibur:
1015 1611 1441 1669 „recepit‚⁴)inquit,
1471 1610 1615 1652 omnia
1636 1611 1716 1652 du-
1760 1631 1764 1648 .-

291 1690 377 1743 pla,
410 1705 519 1743 quae
549 1690 782 1731 amiserat.“
840 1687 967 1729 Vides
997 1689 1101 1743 quid
1131 1701 1190 1731 est
1219 1691 1410 1732 amittere
1441 1688 1602 1743 aliquid
1631 1703 1713 1743 pro
1755 1705 1764 1712 ··

293 1765 408 1814 Deo,
439 1766 524 1806 hoc
555 1779 625 1817 est,
655 1765 931 1821 multiplicata
969 1765 1158 1822 recipere
1189 1766 1278 1808 tibi.
1345 1766 1401 1807 Et
1430 1765 1593 1822 aliquid
1623 1782 1716 1806 am·-
1756 1795 1764 1805 ..

290 1841 402 1896 plius
431 1841 720 1897 Evangelia5)
758 1842 1026 1897 promittunt,
1055 1845 1302 1898 centuplum
1335 1843 1413 1885 tibi
1438 1843 1712 1900 pollicentur,

289 1918 465 1973 insuper
496 1931 535 1960 et
565 1920 694 1960 vitam
726 1930 965 1969 aeternam,
994 1920 1039 1961 in
1074 1921 1242 1962 Christo
1273 1921 1376 1963 Jesu
1405 1921 1599 1962 Domino
1631 1936 1713 1962 no·
1756 1907 1764 1964 l

289 2006 417 2044 stro,
443 1995 510 2036 cui
542 2006 603 2037 est
638 1996 771 2048 gloria
814 2007 854 2037 et
891 1995 1119 2053 imperium
1161 1997 1204 2039 in
1234 1999 1401 2039 saecula
1428 1998 1710 2040 saeculorum.
1756 1994 1764 2041 l

291 2073 441 2114 Amen.

407 2247 451 2302 ¹)
485 2247 571 2290 Csr.
604 2249 703 2289 Luc.
733 2246 853 2298 XIX,
876 2249 941 2291 11.
972 2264 1086 2305 seqq.
1204 2250 1250 2305 ²)
1274 2250 1374 2292 Luc.
1407 2248 1526 2301 XIX,
1553 2247 1620 2292 24.

404 2318 450 2371 ³)
480 2319 581 2359 Job.
613 2319 644 2368 I,
671 2320 739 2360 21.
856 2317 902 2372 ⁴)
932 2318 1033 2360 Job.
1062 2318 1194 2370 XLII,
1223 2320 1289 2363 10.

402 2384 446 2440 ⁵)
479 2387 565 2431 Cfr.
597 2388 749 2432 Matth.
776 2386 896 2439 XIX,
926 2388 994 2432 29.
