1764 3096
221 66 303 109 182
825 65 1048 108 Omenms

220 190 477 236 terpretatur
506 176 730 235 princeps,
774 179 838 220 vel
870 180 1158 236 principatum
1190 192 1338 230 agens,
1377 178 1562 220 formam
1591 193 1653 223 te-

223 273 326 298 nere
367 256 545 314 ἀρετῆς,
587 259 705 313 quod
749 269 809 298 cst
848 256 978 299 animi
1018 257 1157 298 virtus.
1228 255 1346 297 Haec
1387 271 1486 308 ergo
1526 256 1654 301 virtus

1758 277 1764 305 ε’

223 332 453 392 conjuncta
484 346 556 385 est,
586 347 625 376 ct
658 336 860 376 cohaeret
891 334 1070 391 sapienti
1113 346 1151 376 ct
1181 333 1299 375 fideli
1325 333 1441 384 viro,
1478 333 1586 376 sicut
1617 345 1657 375 ct
1699 357 1703 359 -

223 412 295 452 ille
324 411 514 468 sapiens,
558 413 631 467 qui
669 413 840 454 dicebat
867 414 923 454 de
959 412 1185 470 sapientia:
1227 411 1424 466 ,‚hanc¹)
1473 409 1657 466 quaesivi

224 490 438 531 adducere
476 506 676 545 sponsam
715 490 860 532 mihi.“
915 490 1020 532 Ideo
1065 507 1163 542 crgo
1205 489 1360 531 dicitur
1400 505 1424 530 a
1461 488 1560 530 Deo
1603 489 1658 529 ad

224 567 466 608 Abraham:
506 566 742 622 „01unia²)
782 584 1061 624 quaecunque
1089 568 1250 608 dixerit
1279 566 1357 608 tihi
1388 566 1518 615 Sara,
1558 563 1658 606 audi

224 661 375 686 vocem
416 643 544 701 cjus.“
623 644 757 700 Quod
799 646 944 702 utique
980 646 1022 687 in
1063 644 1282 701 corporali
1323 641 1526 699 conjugio
1566 659 1656 683 non

226 720 435 762 convenit.
494 721 671 764 Dictum
716 735 774 764 cst
812 723 1001 779 quippe,
1046 740 1142 763 cum
1182 721 1380 764 divinitus
1411 721 1578 776 prolata
1607 720 1660 761 sit

224 796 296 838 illa
326 798 555 848 sententia,
606 816 714 856 quae
760 800 861 842 dicit
906 802 960 842 ad
1000 800 1223 841 mulierem
1264 800 1316 840 de
1355 798 1468 840 viro:
1515 795 1657 852 „ad³)

227 874 369 930 ipsum
401 876 622 919 conversio
653 889 738 927 tua,
770 890 810 919 et
850 877 940 934 ipse
979 877 1040 919 tui
1079 875 1412 918 dominabitur.“
1480 874 1527 916 Si
1559 889 1658 926 ergo

227 951 445 996 Dominus
477 970 563 996 esse
595 954 750 997 dicitur
780 955 842 997 vir
873 954 1085 1005 mulieris,
1117 956 1342 1010 quomodo
1376 968 1474 1006 ergo
1505 953 1661 993 iterum

228 1030 442 1072 diceretur
486 1032 542 1072 ad
579 1033 740 1074 virum:
789 1032 963 1082 „omnia
981 1029 1025 1084 4)
1067 1047 1349 1087 quaecunque
1396 1029 1547 1072 dixerit
1583 1028 1662 1071 tibi

228 1105 347 1157 Sara,
379 1108 480 1149 audi
510 1124 662 1150 vocem
694 1107 836 1166 ejus?“
907 1109 954 1150 Si
987 1108 1078 1164 quis
1111 1125 1210 1160 ergo
1243 1107 1419 1150 adscivit
1446 1108 1527 1150 sibi
1556 1107 1662 1161 in⁵)

230 1182 478 1241 conjugium
510 1187 731 1235 virtutem,
775 1185 922 1226 audiat
958 1201 1108 1226 vocem
1151 1183 1239 1240 ejus
1278 1186 1323 1226 in
1366 1186 1587 1235 omnibus,
1617 1185 1662 1226 in

229 1262 386 1317 quibus
427 1263 653 1305 consilium
686 1262 852 1304 dederit
891 1262 943 1304 ei.
1012 1262 1144 1314 Igitur
1184 1263 1406 1304 Abraham
1443 1278 1536 1302 non
1576 1262 1665 1302 vult

228 1337 316 1394 jam
347 1339 543 1381 virtutem
574 1357 751 1382 uxorem
781 1357 902 1383 suam
936 1338 1032 1383 dici.
1102 1340 1260 1382 Donec
1303 1339 1416 1381 enim
1447 1356 1557 1381 uxor
1586 1356 1662 1394 ap-

229 1417 414 1471 pellatur
444 1418 585 1470 virtus,
617 1420 793 1474 propria
828 1430 900 1468 est,
933 1430 972 1459 et
1004 1435 1101 1458 cum
1132 1418 1254 1459 nullo
1285 1417 1535 1474 participari
1565 1428 1663 1472 pot-

231 1504 300 1534 est.
359 1494 415 1535 Et
446 1507 506 1537 est
537 1497 815 1547 conveniens,
858 1508 925 1547 ut,
975 1498 1116 1538 donec
1157 1497 1211 1537 ad
1253 1497 1490 1553 perfectum
1519 1494 1663 1536 venia-

234 1586 344 1620 mus,
372 1570 483 1614 intra
514 1590 593 1615 nos
623 1574 675 1614 sit
706 1573 837 1615 animi
869 1574 997 1615 virtus
1046 1585 1086 1615 et
1113 1575 1290 1630 propria
1319 1574 1381 1615 sit.
1433 1573 1545 1613 Cum
1565 1589 1664 1614 vero

231 1648 285 1688 ad
316 1650 554 1704 perfectum
584 1648 835 1701 venerimus,
864 1652 919 1693 ita
950 1664 995 1692 ut
1026 1652 1174 1693 idonei
1203 1652 1332 1694 simus
1374 1663 1413 1692 et
1448 1650 1552 1692 alios
1584 1651 1664 1690 do-

233 1740 340 1775 cere,
370 1737 475 1768 tunc
514 1726 600 1783 jam
636 1728 859 1777 virtutem,
898 1746 988 1769 non
1030 1741 1078 1769 ut
1106 1745 1285 1770 uxorem
1317 1730 1425 1771 intra
1457 1725 1666 1779 gremium

235 1804 568 1854 concludamus,
609 1807 683 1847 sed
722 1818 769 1855 ut
812 1822 1007 1847 sororem
1042 1805 1168 1848 etiam
1198 1806 1290 1847 aliis
1320 1804 1560 1847 volentibus
1591 1821 1667 1844 co·-

233 1880 446 1935 pulemus.
505 1882 575 1923 Ad
606 1882 684 1924 hos
716 1882 913 1938 denique,
945 1883 1019 1939 qui
1043 1884 1221 1939 perfecti
1252 1895 1360 1932 sunt,
1393 1883 1494 1924 dicit
1521 1898 1663 1923 sermo

235 1955 424 2000 divinus:
461 1959 618 2015 ‚‚dic⁰)
659 1959 906 2016 sapientiam
944 1977 1139 2001 sororem
1172 1972 1285 2001 tuam
1319 1966 1443 2001 esse.“
1503 1960 1667 2001 Secun-

237 2036 340 2077 dum
373 2035 459 2096 {loc
489 2037 617 2090 igitur
646 2039 867 2079 Abraham
908 2037 1060 2078 Sarum
1105 2038 1269 2079 dicebat
1309 2051 1503 2080 sororum
1549 2055 1666 2079 suam

237 2127 337 2153 esse.
403 2114 617 2157 Permittit
651 2133 751 2169 ergo
801 2116 920 2172 quasi
962 2111 1047 2172 jum
1090 2118 1323 2172 perfectus,
1372 2127 1419 2158 ut
1457 2115 1531 2172 qui
1567 2117 1670 2164 vult,

235 2188 392 2232 habeat
422 2191 632 2234 virtutem.

352 2267 393 2309 2.
424 2267 574 2309 Voluit
610 2280 755 2310 tamen
789 2270 1018 2326 aliquando
1062 2282 1101 2311 ct
1147 2271 1316 2312 Pharao
1363 2268 1558 2325 accipere
1589 2269 1666 2310 Sa²

240 2360 345 2395 ram,
374 2345 448 2386 sed
476 2362 568 2387 non
598 2346 642 2387 in
671 2350 836 2390 mundo
871 2350 1003 2390 eorde
1037 2348 1190 2390 voluit:
1223 2359 1262 2388 et
1285 2346 1426 2397 virtus,
1458 2347 1537 2390 nisi
1568 2364 1666 2389 cum

359 2542 403 2595 ¹)
434 2542 534 2597 Sap.
565 2542 788 2585 Salomon.
819 2543 933 2595 VIII,
962 2547 1000 2588 2.

357 2613 405 2668 2)
437 2612 587 2655 Genes.
618 2614 738 2664 XXI,
768 2616 832 2658 12.
1008 2615 1054 2670 ³)
1087 2613 1241 2657 Genes.
1271 2614 1345 2666 III,
1377 2618 1443 2661 16.

359 2683 405 2736 ⁴)
438 2684 590 2727 Genes.
624 2684 744 2735 XXI,
776 2687 840 2728 12.

359 2755 402 2806 5)
435 2756 544 2797 Edd.
576 2755 773 2798 Merlini:
806 2757 847 2798 in
882 2755 1082 2814 coniugIO
1114 2757 1322 2799 virtutem.

357 2823 403 2879 ὁ)
435 2825 559 2868 prov,
592 2827 682 2877 VII,
712 2829 750 2870 4,
