1764 3096
507 139 553 168 m
587 125 782 168 Gensm
814 121 1014 164 HommA
1042 122 1093 162 11.
1421 122 1502 166 137

100 252 269 291 vantur,
301 249 339 282 et
366 239 558 296 proxima
588 237 625 278 ei
651 233 969 291 propinquitate
997 232 1252 290 junguntur,
1280 243 1425 274 tenent
1453 234 1504 274 fi-

101 335 272 371 guram:
300 317 405 359 sicut
435 327 474 356 et
502 313 716 355 Dominus
744 322 900 360 noster,
930 327 1050 351 verus
1080 310 1187 359 Noe,
1220 308 1409 352 Christus
1433 310 1505 350 Je-

100 413 180 445 sus,
209 380 365 450 paucos
395 391 522 431 habet
548 388 787 445 proximos,
822 404 980 443 paucos
1009 385 1122 428 filios
1153 398 1192 427 et
1219 386 1505 442 propinquos,

102 473 175 527 qui
203 468 318 512 verbi
348 465 433 523 ejus
462 466 688 523 participes
717 466 821 515 sint,
864 476 903 505 et
941 462 1166 520 sapiendae
1206 479 1394 518 capaces.
1452 463 1508 504 Et

100 548 131 588 ii
158 558 266 596 sunt,
296 544 368 601 qui
397 543 441 584 in
470 560 638 586 summo
669 543 801 596 gradu
829 541 954 598 positi
982 552 1100 590 sunt,
1131 551 1171 581 et
1197 540 1243 582 in
1272 540 1510 581 summitate

101 640 221 664 arcae
251 622 530 663 collocantur.
589 619 787 661 Ceterum
817 619 1044 660 multitudo
1074 616 1386 659 irrationalium
1420 616 1510 657 ani-

99 700 286 748 malium,
316 699 380 738 vel
411 696 535 738 ctiam
568 696 818 745 bestiarum,
856 695 901 736 in
940 693 1215 735 inferioribus
1244 694 1350 735 locis
1381 693 1511 734 habe-

98 786 178 825 tur,
209 786 247 817 et
275 791 424 816 eorum
453 773 657 824 maxime,
696 790 881 830 quorum
909 771 1082 813 feritatis
1108 770 1323 813 saevitiam
1352 787 1430 811 nec
1460 772 1510 811 fi-

100 852 168 893 dei
199 853 381 894 dulcedo
412 852 607 893 mollivit.
665 849 915 906 Superiores
941 865 1040 889 vero
1072 847 1335 903 aliquantulo
1368 848 1420 888 ab
1450 847 1513 889 his

99 941 208 979 sunt,
237 928 309 985 qui
340 929 435 971 licet
466 929 603 970 minus
633 927 828 978 rationis,
871 926 1108 982 plurimum
1138 936 1279 965 tamen
1309 923 1514 979 simplici-

99 1006 204 1055 tatis,
232 1005 586 1061 innocentiaeque
615 1005 873 1047 custodiunt.
945 1003 1001 1043 Et
1029 1002 1089 1043 sic
1117 1018 1195 1058 per
1224 1001 1410 1054 singulos
1439 1001 1515 1042 ha-

100 1082 355 1123 bitationum
395 1083 546 1134 gradus
593 1082 944 1123 adscendentibus
991 1079 1239 1136 pervenitur
1279 1080 1333 1119 ad
1373 1079 1512 1134 ipsum

100 1159 208 1209 Noe,
239 1159 311 1215 qui
339 1159 642 1214 interpretatur
670 1159 857 1215 requies,
896 1159 959 1199 vel
989 1156 1142 1215 justus,
1181 1155 1255 1213 qui
1295 1168 1355 1197 est
1392 1157 1514 1197 Jesus

105 1235 304 1279 Christus.
360 1236 510 1291 Neque
541 1235 653 1277 enirn
682 1234 727 1277 in
759 1235 880 1276 illum
911 1236 1006 1276 Noe
1038 1232 1256 1282 convenit,
1295 1234 1414 1289 quod
1452 1232 1516 1272 di-

106 1312 160 1353 cit
188 1313 375 1354 Lamech
403 1323 523 1367 pater
553 1311 661 1370 ejus:
692 1313 787 1361 „hie
805 1313 846 1368 ι)
879 1312 1003 1361 enim,
1032 1310 1191 1366 inquit,
1220 1310 1411 1365 requiem
1442 1310 1518 1349 da-

104 1389 167 1430 bit
194 1389 320 1432 nobis
350 1390 402 1430 ab
443 1390 644 1445 operibus
684 1389 918 1444 nostris‚2)
963 1400 1002 1429 et
1041 1404 1063 1428 a
1104 1386 1275 1428 tristitiis
1311 1402 1516 1427 manuum

105 1478 369 1516 nostrarum,
413 1478 453 1507 et
481 1483 504 1507 a
533 1477 666 1516 terra,
709 1482 836 1521 quam
873 1464 1088 1506 maledixit
1119 1463 1331 1504 Dominus
1362 1462 1518 1504 Deus.“

107 1543 346 1598 Quomodo
379 1543 489 1583 enIm
522 1559 667 1583 verum
697 1541 794 1591 erit,
843 1542 960 1597 quod
998 1541 1071 1581 ille
1100 1541 1195 1581 Noe
1227 1538 1414 1594 requiem
1446 1541 1519 1581 de-

108 1621 215 1662 derit
243 1620 305 1661 illi
334 1620 533 1669 Lamech,
563 1619 627 1660 vel
656 1619 838 1673 populo,
869 1617 942 1673 qui
970 1629 1071 1658 tunc
1101 1617 1339 1658 habebatur
1357 1616 1402 1658 in
1435 1628 1518 1657 ter-

106 1697 174 1746 ris,
203 1697 266 1737 vel
303 1697 526 1751 quomodo
570 1712 593 1737 a
622 1695 793 1737 tristitiis
836 1707 874 1737 et
912 1696 1062 1736 labore
1094 1705 1294 1735 cessatum
1329 1705 1387 1735 est
1414 1704 1521 1734 tcm-

106 1773 283 1829 poribus
313 1774 430 1823 Noe,
468 1775 534 1815 vel
575 1773 799 1829 quomodo
830 1773 1018 1814 ablatum
1049 1783 1107 1813 est
1135 1770 1408 1812 maledictum
1437 1781 1522 1811 ter-

107 1866 190 1899 rae,
220 1851 339 1906 quod
369 1851 544 1892 dederat
571 1849 812 1899 Dominus,
850 1849 926 1890 ubi
956 1848 1097 1905 potius
1128 1846 1352 1890 iracundia
1382 1846 1523 1888 divina

108 1924 248 1983 major
287 1927 543 1978 ostenditur,
587 1939 626 1969 et
665 1927 846 1969 refertur
884 1927 1026 1968 dicere
1062 1926 1200 1966 Deus:
1245 1923 1524 1979 „poenitct³)

110 2019 191 2052 me,
223 2004 340 2057 quod
371 2004 452 2044 feei
481 2005 702 2046 hominem
729 2020 856 2059 super
884 2001 1097 2044 terram?“
1131 2001 1186 2041 Et
1216 2000 1369 2041 iterum
1399 1999 1522 2041 dicit:

112 2080 292 2128 „delebo
309 2079 354 2134 4)
395 2081 626 2132 omnem5)
679 2097 872 2129 carnem,
921 2096 1028 2135 quae
1071 2090 1129 2120 est
1163 2094 1291 2133 super
1327 2083 1525 2118 terram.“

110 2156 166 2197 Et
202 2173 329 2213 super
369 2156 512 2199 omnia
550 2174 738 2199 summae
786 2158 972 2199 offensae
1018 2156 1225 2198 indicium
1273 2154 1524 2211 interitusfi)

231 2344 274 2398 ¹)
309 2344 459 2386 Genes.
491 2346 542 2395 V,
573 2346 641 2390 29.

229 2416 276 2469 ²)
304 2417 469 2457 Vocem
499 2415 704 2465 „nostris“
741 2418 784 2459 in
827 2416 946 2459 editis
990 2416 1050 2472 (v.
1083 2432 1115 2457 c.
1147 2416 1240 2458 edd.
1272 2414 1358 2470 Μ.)
1399 2415 1526 2458 omis-

115 2488 202 2513 sam
233 2472 455 2514 restituunt
487 2472 625 2514 Codd.
654 2473 750 2516 Mss.
786 2476 836 2516 R.

231 2541 277 2595 3)
311 2541 397 2583 Cfr.
431 2541 581 2584 Genes.
612 2543 683 2592 VI,
718 2546 755 2586 6.
787 2546 824 2586 7.

233 2609 277 2663 ⁴)
310 2610 395 2652 Cfr.
429 2611 580 2654 Genes.
616 2613 685 2662 VI,
716 2616 753 2656 7.
775 2640 823 2646 —
855 2615 964 2656 Edd.
997 2613 1182 2660 Mcrlini,
1214 2614 1286 2653 cfr.
1317 2628 1410 2667 pag.
1442 2613 1527 2669 huj.

119 2677 205 2706 not.
236 2668 274 2707 5.
306 2669 495 2715 „deleam
527 2687 698 2710 omnem
733 2688 926 2721 carnem,
966 2677 1098 2727 qua-:⁴⁶
1132 2681 1206 2709 etc.

237 2735 280 2789 ³)
314 2735 457 2778 Codex
488 2740 618 2780 sancti
649 2739 930 2782 Theoderici:
972 2742 1151 2789 „delebo
1186 2756 1358 2780 ornnem
1391 2740 1528 2782 homi—

121 2809 232 2842 nem,
264 2792 334 2847 qui
365 2799 446 2833 est“
476 2806 550 2834 etc.
584 2795 631 2836 R.
663 2820 717 2826 --
749 2797 835 2838 Cfr.
867 2813 958 2852 pag.
992 2795 1076 2851 huj.
1110 2808 1194 2835 not.
1227 2797 1265 2836 -1,

236 2863 280 2918 ⁶)
313 2861 426 2903 Tres·
459 2862 558 2909 Mss.
588 2866 785 2915 „interitu
811 2867 1036 2909 viventium
1070 2867 1230 2908 datur.“
1261 2864 1309 2906 R.
