1764 3096
235 98 320 144 166
836 97 1060 141 Omenms

237 210 412 266 ‚‚Ub1¹)
442 222 516 263 est,
545 208 695 266 inquit,
725 209 829 252 Sara
868 227 977 252 uxor
1005 209 1134 254 tua?“
1175 212 1230 252 At
1267 209 1361 251 ille:
1399 224 1547 260 ,‚ecce‚
1594 210 1663 261 ait,

236 287 283 331 in
311 289 589 331 tabernaculo
622 286 756 344 cst.²)
804 286 925 329 Dixit
952 300 1093 330 autem
1124 286 1365 329 Dominus:
1396 286 1566 328 veniens
1595 301 1666 328 ve-

238 366 356 408 niam
385 367 432 409 in
461 379 657 423 tempore
696 367 749 407 ad
788 376 831 406 te
861 367 1098 408 secundum
1127 377 1294 421 tempus
1326 364 1432 413 hoc,
1463 375 1503 405 et
1532 364 1666 405 habe-

238 443 304 485 bit
332 443 470 486 filium
508 445 614 487 Sara
653 460 762 484 uxor
799 455 884 484 tua.
970 443 1185 485 Audiebat
1229 454 1370 483 autem
1414 442 1519 484 Sara
1556 453 1668 484 stans

238 533 338 577 post
367 522 523 564 ostium
555 521 819 564 tabernaculi
841 520 904 562 sui
934 533 1031 577 post
1055 521 1316 562 Abraham.“
1373 518 1554 561 Discant
1570 536 1667 560 mu-

239 598 363 642 lieres
394 599 594 656 exemplis
624 598 984 655 patriarcharum,
1028 599 1208 649 discant,
1242 598 1441 654 inquam,
1469 596 1670 638 mulieres

240 676 360 732 sequi
391 677 503 718 viros
532 693 644 719 suos,
710 677 861 732 Neque
903 677 1015 718 enim
1055 677 1146 719 sine
1186 692 1310 717 causa
1347 674 1553 731 scriptum
1596 686 1670 724 est,

241 755 363 809 quod
401 753 508 796 Sara
547 756 685 797 stabat
726 766 826 811 post
864 755 1105 805 Abraham,
1148 755 1224 795 sed
1269 764 1318 794 ut
1362 753 1670 802 ostenderetur,

241 830 341 887 quia
382 830 446 873 vir
473 831 507 874 si
537 831 755 888 praecedit
793 834 848 874 ad
878 832 1143 882 Dominum,
1179 830 1300 887 sequi
1338 830 1492 872 mulier
1531 831 1670 872 debet.

243 906 381 963 Quod
411 908 509 951 dico
538 908 661 966 sequi
694 910 852 951 debere
882 909 1119 959 mulierem,
1148 909 1192 950 in
1224 925 1275 950 eo
1301 907 1413 959 dico,
1443 908 1477 950 si
1507 909 1672 949 adstare

240 985 382 1028 virum
414 1003 541 1029 suum
570 986 711 1028 videat
741 987 852 1029 Deo.
926 986 1134 1043 Alioquin
1175 987 1484 1028 adscendamus
1523 987 1578 1027 ad
1609 985 1672 1026 al-

242 1062 400 1104 tiorem
429 1063 730 1117 intelligentiae
761 1065 964 1118 gradum,
1004 1076 1045 1106 et
1084 1064 1273 1106 dieamus
1303 1063 1440 1106 virum
1471 1063 1516 1105 in
1545 1063 1674 1105 nobis

244 1155 332 1182 esse
361 1140 662 1184 rationabilem
690 1157 874 1193 sensum,
906 1152 946 1183 et
974 1140 1212 1192 mulierem,
1245 1157 1354 1197 quae
1372 1142 1410 1183 ei
1437 1143 1553 1183 velut
1581 1140 1672 1182 viro

239 1217 400 1261 sociata
434 1230 508 1270 est,
538 1235 710 1261 carnem
740 1230 941 1262 nostram.
1001 1218 1219 1274 Sequatur
1248 1234 1347 1272 ergo
1379 1234 1480 1260 caro
1505 1234 1674 1274 semper

242 1294 544 1339 rationabilem
573 1314 758 1347 sensum,
787 1313 866 1338 nec
895 1296 940 1337 in
969 1294 1015 1337 id
1033 1311 1226 1352 unquam
1255 1295 1442 1337 desidiae
1470 1296 1675 1347 veniatur,

242 1384 292 1414 ut
320 1373 439 1416 carni
467 1374 513 1416 in
543 1374 723 1427 luxuria,
751 1387 792 1416 ct
821 1373 1109 1431 voluptatibus
1140 1372 1344 1423 fluitanti,
1380 1371 1426 1413 in
1465 1372 1678 1415 ditionem

242 1451 438 1494 redactus
470 1453 732 1510 obsequatur
761 1451 1024 1494 rationabilis
1055 1468 1215 1493 sensus.
1259 1450 1409 1491 Stabat
1439 1467 1537 1504 ergo
1570 1452 1675 1493 Sara

242 1539 343 1584 post
374 1531 603 1571 Abraham.
673 1531 759 1572 Sed
805 1541 846 1571 et
875 1528 1099 1590 mysticum
1139 1528 1302 1585 aliquid
1332 1528 1488 1570 sentire
1516 1528 1562 1570 in
1592 1529 1676 1570 hoc

243 1621 473 1661 possumus
503 1607 617 1656 loco,
645 1606 680 1648 si
713 1607 943 1656 videamus,
973 1607 1196 1663 quomodo
1228 1606 1273 1647 in
1302 1606 1455 1647 Exodo
1474 1605 1520 1661 3)
1549 1622 1675 1661 prae-

244 1684 424 1725 cedebat
440 1684 559 1726 Deus
577 1683 623 1724 in
646 1685 849 1726 columna
868 1683 973 1736 ignis
1003 1700 1082 1740 per
1111 1695 1295 1732 noctem,
1327 1695 1367 1724 et
1397 1683 1441 1724 in
1473 1683 1678 1724 columna

243 1760 372 1803 nubis
410 1777 490 1817 per
530 1761 667 1804 diem:
708 1774 749 1803 et
793 1776 1004 1821 synagoga
1042 1759 1225 1802 Domini
1271 1761 1532 1816 sequebatur
1578 1772 1677 1816 post

243 1836 401 1893 ipsum.
459 1837 532 1881 Sic
564 1853 663 1891 ergo
692 1839 882 1892 intelligo
915 1851 956 1880 et
979 1839 1131 1881 saram·
1147 1849 1334 1879 secutam
1365 1853 1464 1886 esse,
1495 1837 1561 1877 vel
1592 1848 1676 1878 ste-

243 1914 344 1957 tisse
370 1927 470 1971 post
499 1917 731 1958 Abraham.
780 1915 900 1971 Quid
920 1917 1137 1971 posthaec
1162 1914 1349 1958 dicitur't>
1379 1915 1461 1965 „Et
1478 1913 1524 1969 ⁴)
1545 1926 1678 1964 erant,

244 1991 396 2048 inquit,
426 1996 555 2036 ambo
586 1992 845 2053 presbyteri,
878 1992 923 2033 id
954 2005 1015 2035 est
1041 2009 1182 2043 senes,
1222 2003 1263 2033 et
1292 1990 1484 2047 provecti
1511 1989 1556 2031 in
1587 1990 1678 2032 die-

246 2071 328 2112 bus
358 2070 482 2112 suis.“
542 2071 766 2126 Quantum
797 2072 851 2112 ad
881 2082 1061 2112 aetatem
1094 2068 1287 2126 corporis
1316 2068 1523 2125 pertinet,
1553 2067 1680 2109 multi
1718 2105 1726 2112 „

246 2158 346 2188 ante
383 2147 497 2204 ipsos
534 2147 905 2189 numerosioribus
945 2147 1064 2189 annis
1104 2148 1312 2188 duxerant
1352 2144 1503 2195 vitam,
1547 2161 1676 2186 nemo

245 2234 391 2266 tamen
429 2226 651 2284 presbyter
690 2225 926 2280 appellatus
978 2237 1051 2267 est.
1137 2223 1267 2264 Unde
1302 2221 1471 2264 videtur
1517 2238 1679 2263 nomen

247 2302 334 2343 hoc
386 2301 538 2345 sanctis
589 2318 682 2343 non
731 2301 1022 2354 longaevitatis
1070 2300 1258 2351 ratione,
1307 2300 1382 2342 sed
1425 2298 1680 2342 maturitatis

251 2378 446 2421 adscribi.

361 2459 401 2499 5.
434 2456 554 2512 Quid
585 2472 683 2509 ergo
715 2468 813 2513 post
841 2468 1008 2498 tantum
1048 2452 1096 2496 ac
1134 2454 1219 2495 tale
1257 2452 1517 2504 convivium,
1561 2456 1678 2510 quod

249 2535 469 2577 Abraham
497 2533 693 2576 Domino
725 2546 765 2576 et
796 2534 951 2588 angelis
982 2535 1059 2575 sub
1092 2533 1246 2573 arbore
1269 2530 1439 2575 visionis
1465 2530 1681 2576 exhibuit?

371 2717 416 2773 ¹)
448 2717 601 2759 Genes.
633 2717 796 2768 XVIII,
823 2718 863 2760 9.
896 2719 959 2761 10.

365 2787 413 2841 ²)
443 2787 721 2830 Desideratur
751 2793 866 2845 „estf‘
895 2787 940 2829 in
969 2789 1035 2829 ed.
1066 2785 1214 2828 Ruaei.

365 2857 413 2913 ⁵)
441 2857 579 2901 Exod.
610 2859 730 2911 XIII,
759 2859 827 2903 21.
947 2858 993 2914 ⁴)
1027 2855 1181 2901 Genes.
1213 2856 1373 2907 XVIII,
1403 2853 1468 2898 11.
