1764 3096
534 106 582 137 m
612 92 816 137 GENEsm
846 91 1050 134 Homma
1073 91 1148 134 lv.
1473 91 1559 136 163

123 206 229 258 fuit,
273 206 328 249 ad
355 206 438 248 Lot
474 221 574 248 vero
614 205 702 246 duo
741 203 1044 245 tantummodo
1077 200 1214 255 angeli
1242 213 1436 257 pergunt.
1494 203 1553 244 Et

128 284 232 341 quid
263 282 441 325 dicunt?
471 280 616 333 „Misit
634 280 676 336 ¹)
704 296 784 321 nos
813 280 1030 322 Dominus
1060 291 1283 321 conterere
1327 277 1551 329 civitatem,

127 374 169 404 et
196 362 374 418 perdere
403 363 536 400 eam.“
583 357 662 399 Ille
677 372 776 411 ergo
807 356 990 413 suscepit
1019 373 1104 407 eos,
1136 356 1208 412 qui
1227 355 1444 412 perditum
1476 356 1552 397 da-

121 450 229 489 rent,
255 453 346 478 non
374 434 558 491 suscepit
588 450 699 485 eum,
732 433 805 490 qui
833 435 1026 482 salvaret,
1074 433 1293 476 Abraham
1323 448 1424 474 vero
1456 449 1549 474 sus-

121 515 231 571 cepit
259 525 300 555 et
329 529 453 563 eum,
484 511 557 568 qui
586 512 739 562 salvat,
769 521 811 552 et
842 526 938 563 eos,
967 510 1040 567 qui
1068 511 1268 567 perdunt.
1327 511 1454 551 Nune
1485 509 1550 551 vi-

122 593 318 640 deamus,
350 589 573 645 quomodo
613 587 907 645 unusquisque
945 587 1155 645 suscipiat.
1222 586 1445 641 ‚‚Vidit‚²)
1483 585 1551 627 in-

120 668 224 725 quit,
255 667 484 716 Abraham,
515 677 556 707 et
585 665 771 708 occurrit
799 665 849 707 iis
881 665 1089 707 obviam.“
1141 664 1378 707 Considera
1408 663 1548 720 proti-

120 762 200 787 nus
229 743 457 800 impigrum
488 754 529 785 et
559 743 742 785 alacrem
771 741 817 783 in
848 741 999 784 officiis
1042 741 1274 783 Abraham.
1341 742 1436 797 Ipse
1476 756 1550 781 oc-

118 822 309 876 currit3‘)
341 821 534 871 obviam,
580 831 621 862 et
650 838 747 863 cum
778 819 1050 862 occurrisset:
1090 818 1357 875 „festinat,4)
1398 817 1550 874 inquit,

117 900 171 940 ad
200 899 547 949 tabernaculum,
590 909 631 940 et
670 896 774 940 dicit
815 899 869 939 ad
907 911 1086 938 uxorem
1126 912 1267 936 suam:
1303 895 1456 936 festina
1492 895 1549 936 ad

116 976 483 1019 tabernaculum.“
548 974 660 1018 Vide
697 974 742 1017 in
785 973 957 1028 singulis
1004 984 1159 1030 quanta
1199 973 1251 1014 sit
1283 972 1547 1028 suscipientis

116 1053 322 1095 alacritas.
382 1053 627 1096 Festinatur
651 1052 697 1094 in
729 1051 942 1102 omnibus,
983 1050 1127 1092 omnia
1156 1062 1451 1106 perurgentur,
1481 1049 1548 1090 ni-

115 1130 176 1171 hil
205 1147 283 1187 per
312 1130 449 1173 otium
479 1131 650 1185 geritur.
707 1129 826 1171 Dixit
860 1144 958 1181 ergo
992 1130 1046 1170 ad
1076 1144 1253 1169 uxorem
1283 1144 1425 1178 suam,
1467 1126 1546 1168 Sa-

116 1224 228 1249 ram:
259 1208 437 1259 „festina
453 1207 497 1264 5)
529 1209 583 1250 ad
614 1207 952 1256 tabernaculum,
985 1217 1026 1247 et
1059 1221 1292 1262 consperge
1312 1216 1394 1246 tres
1423 1221 1547 1245 men-

113 1301 232 1327 suras
270 1285 536 1338 similaginis,
582 1296 623 1326 et
664 1285 730 1325 sac
761 1283 1101 1325 subcinericias.“
1160 1283 1257 1324 Hoc
1287 1298 1434 1336 graece
1464 1282 1547 1338 37¹-

116 1365 317 1422 κρυφίας
356 1361 533 1413 dicitur,
566 1361 684 1418 quod
717 1360 931 1410 occultos,
970 1360 1037 1401 vel
1076 1358 1349 1400 absconditos
1386 1357 1547 1399 indicat

116 1455 260 1495 panes.
317 1438 439 1495 „Ipse
453 1438 498 1496 6)
530 1451 671 1481 autem
703 1437 902 1487 cucurrit,
930 1437 1081 1493 inquit,
1111 1437 1165 1477 ad
1182 1437 1324 1486 boves,
1355 1447 1397 1476 et
1426 1450 1545 1476 acce-

115 1515 181 1571 pit
218 1515 438 1557 vitulum.“
507 1516 595 1558 Sed
635 1517 805 1572 qualem
845 1513 1056 1556 vitulum?
1107 1513 1255 1554 -Forte
1300 1512 1374 1568 qui
1402 1511 1546 1568 potuit

114 1593 279 1649 primus
311 1592 565 1635 occurrere?
622 1593 722 1634 Non
751 1582 846 1641 ita,
875 1591 949 1632 sed
979 1590 1157 1631 vitulum
1188 1590 1382 1639 „bonum
1414 1601 1454 1630 et
1480 1600 1543 1629 te-

113 1676 310 1712 nerum.“
378 1670 436 1711 Et
473 1669 572 1710 licet
601 1686 679 1726 per
709 1680 858 1710 cuncta
891 1667 1080 1716 festinet,
1120 1666 1196 1708 scit
1225 1678 1390 1716 tamen,
1435 1682 1544 1721 quae

114 1746 343 1803 praecipua
375 1758 416 1787 et
445 1763 597 1800 magna
637 1758 735 1788 sunt
764 1744 960 1787 Domino
1004 1744 1072 1785 vel
1112 1742 1267 1797 angelis
1307 1743 1543 1783 offerenda.

114 1824 291 1880 Accepit
310 1822 420 1877 ‘ergo
451 1823 517 1879 vel
549 1823 673 1876 elegit
703 1824 757 1863 de
789 1838 913 1877 grege
942 1821 1123 1862 vitulum
1153 1822 1324 1861 honum
1355 1831 1396 1861 et
1423 1832 1542 1861 tene-

113 1919 222 1953 rum,
254 1913 296 1943 et
323 1900 499 1943 tradidit
527 1917 677 1957 puero.
735 1899 890 1950 ,‚Puer‚
908 1899 952 1954 7)
982 1898 1133 1954 inquit,
1163 1897 1375 1939 festinavit
1403 1899 1543 1938 facere

89 2013 97 2017 s
116 1984 255 2023 eum.“
313 1979 408 2035 Ipse
438 1978 592 2028 currit,
619 1994 727 2019 uxor
758 1976 947 2025 festinat,
986 1964 1095 2030 puer
1124 1975 1353 2015 accelerat:
1397 1975 1543 2016 nullus

114 2055 234 2111 piger
263 2055 396 2097 estin
436 2058 568 2097 domo
609 2053 820 2110 sapientis.
890 2051 1083 2107 Apponit
1122 2067 1220 2103 ergo
1261 2050 1465 2102 vitulum,
1502 2065 1544 2094 et

116 2132 243 2174 simul
274 2149 372 2174 cum
403 2149 453 2173 co
484 2149 636 2188 panes,
678 2143 719 2172 et
747 2129 955 2180 similam,
985 2130 1057 2172 sed
1090 2141 1129 2170 et
1159 2129 1223 2169 lac
1256 2139 1296 2169 et
1325 2129 1542 2187 butyrum.

116 2211 233 2253 Haec
263 2222 363 2252 sunt
391 2208 627 2252 Abrahami
658 2219 698 2250 et
730 2208 860 2250 Sarae
889 2205 1181 2262 hospitalitatis
1213 2205 1368 2247 officia.
1415 2207 1543 2247 Nunc

115 2285 358 2337 videamus,
398 2286 502 2343 quid
535 2286 659 2328 etiam
699 2288 797 2328 Lot.
877 2283 960 2324 Hic
1000 2299 1141 2339 neque
1178 2281 1362 2324 similam
1400 2283 1542 2333 habet,

115 2378 255 2420 neque
285 2380 440 2419 panem
471 2366 695 2413 mundum,
726 2363 799 2404 sed
830 2360 1022 2404 farinam.
1081 2362 1233 2417 Neque
1256 2372 1340 2402 tres
1369 2376 1542 2402 mensu-

236 2551 279 2605 Ι)
311 2551 464 2593 Genes.
495 2552 616 2602 XIX,
645 2553 712 2598 13.
831 2551 878 2607 ²)
909 2550 1064 2592 Genes.
1095 2549 1259 2599 XVIII,
1287 2551 1325 2592 2.

233 2620 280 2673 3)
307 2622 422 2667 Edd.
452 2623 650 2665 Mcrlini:
677 2621 819 2664 currit.
937 2620 985 2677 ⁴)
1017 2621 1171 2664 Genes.
1202 2619 1361 2670 XVIII,
1390 2621 1432 2665 6,

235 2691 280 2744 ⁵)
312 2691 464 2734 Genes.
494 2692 652 2742 XVIII,
681 2693 719 2736 6.

232 2759 280 2814 ⁶)
314 2761 464 2804 Genes.
492 2762 652 2812 XVIII,
678 2765 717 2806 7.

236 2829 280 2885 ⁷)
312 2830 474 2887 Genes..
497 2832 656 2880 XV111‚
687 2832 725 2874 7.

1086 2907 1181 2952 11*
