1764 3096
447 91 491 120 m
527 76 719 120 Gssmsm
749 74 952 118 Horam).
980 74 1095 116 XIII.
1401 78 1480 120 241

69 193 186 243 sttui,
226 204 264 234 et
294 191 569 246 impleverant
605 200 727 230 terra.
796 186 943 230 Primo
987 203 1083 239 ergo
1129 187 1330 228 habitavit
1370 190 1485 244 apud

67 283 242 327 puteum
272 267 454 316 visionis,
485 278 523 307 et
551 264 810 307 illuminatus
841 282 862 306 a
893 276 1023 318 puteo
1054 263 1224 306 visionis
1246 264 1485 316 aggreditur

68 348 173 389 alios
204 356 355 401 puteos
386 341 570 397 aperire:
612 353 649 382 et
687 358 777 381 non
806 340 991 396 primum
1030 356 1167 382 novos
1196 351 1370 395 puteos,
1410 341 1485 381 sed

67 439 172 477 quos
202 421 369 462 foderat
396 430 517 474 pater
548 417 633 474 ejus
665 418 895 459 Abraham.
966 418 1021 459 Et
1051 434 1149 457 cum
1191 416 1365 457 fodisset
1395 416 1486 471 pri·

62 514 178 539 mum
211 508 409 552 puteum:
440 494 585 546 „zelati
604 494 645 549 ¹)
676 506 785 544 sunt,
814 494 967 550 inquit,
1000 510 1094 535 eum
1125 492 1373 534 Philistini.“
1430 493 1487 533 At

60 576 132 616 ille
162 574 252 614 zelo
295 589 442 614 eorum
482 589 574 613 non
615 582 675 612 est
715 570 961 620 deterritus}
1002 587 1080 612 nec
1120 569 1237 611 cessit
1274 569 1482 611 invidiae:

60 653 132 693 sed
163 648 424 705 ‚,iterum‚²)
454 648 605 704 inquit,
639 648 749 689 fodit
776 659 949 702 puteos,
996 663 1102 702 quos
1132 648 1332 688 foderant
1361 647 1485 703 pueri

60 727 276 769 Abraham
308 726 438 782 patris
470 724 579 780 ejus,
620 736 660 765 et
698 725 991 780 oppilaverant
1034 739 1103 764 cos
1145 722 1356 763 philistini
1387 734 1485 778 post

60 814 240 857 mortem
275 802 505 843 Abrahami
536 801 664 857 patris
698 800 807 858 ejus:
842 812 880 841 et
908 799 1050 855 posuit
1079 799 1160 840 illis
1191 800 1388 849 nomina,
1419 816 1485 840 se-

59 879 247 919 cundum
277 878 465 928 nomina,
498 894 606 934 quae
635 889 834 933 posuerat
863 888 983 932 pater
1021 875 1148 933 ejus.“
1220 873 1351 915 Fodit
1382 890 1481 926 ergo

56 955 154 996 illos
183 967 347 1010 puteos,
379 972 485 1010 quos
513 966 634 1011 pater
664 971 762 995 suus
783 953 962 1003 foderat,
995 965 1034 994 et
1067 952 1138 1009 qui
1169 968 1247 1007 per
1277 951 1482 993 malitiam

57 1031 378 1073 philistinorum
409 1044 519 1073 terra
550 1033 718 1072 fuerant
749 1031 910 1086 repleti.
970 1028 1103 1070 Fodit
1134 1039 1174 1068 et
1205 1029 1310 1069 alios
1342 1045 1480 1070 novos

57 1108 102 1148 in
133 1108 240 1148 valle
272 1106 604 1162 Gerararum,³)
635 1125 725 1148 non
757 1107 929 1162 quidem
961 1107 1076 1162 ipse,
1111 1105 1185 1147 sed
1215 1104 1337 1161 pueri
1369 1103 1480 1161 ejus:

56 1181 181 1239 ‚‚et⁴)
213 1185 382 1234 invenit,
411 1184 560 1240 inquit,
590 1182 648 1223 ibi
677 1194 853 1238 puteum
887 1199 1019 1237 aquae
1060 1183 1187 1224 vivae.
1246 1182 1331 1223 Sed
1361 1182 1482 1222 rixati

55 1273 153 1303 sunt
182 1273 370 1317 pastores
403 1260 659 1302 Ger-ararum
694 1276 790 1300 cum
834 1259 1074 1314 pastoribus
1105 1260 1242 1309 Isaac,
1289 1258 1477 1300 dicentes

57 1355 175 1379 suam
207 1354 292 1379 esse
322 1353 500 1393 aquam:
550 1349 589 1377 et
630 1335 853 1393 appellavit
893 1351 1054 1376 nomen
1092 1335 1227 1390 putei:
1267 1333 1479 1388 iniquitas.

55 1415 206 1470 In1que
237 1415 349 1456 enim
381 1425 592 1466 gesserunt
622 1430 718 1454 cum
751 1416 844 1453 eo.“
901 1413 988 1453 Sed
1013 1411 1126 1452 Isaac
1147 1412 1308 1452 recedit
1339 1428 1359 1452 a
1390 1428 1481 1452 ma-

54 1491 144 1532 litia
176 1507 349 1541 eorum,
381 1491 479 1545 et5)
508 1491 644 1540 „fodit
684 1491 835 1531 iterum
867 1489 1044 1530 alterum
1075 1500 1278 1543 puteum:
1320 1500 1360 1528 et
1397 1505 1478 1544 pro

54 1568 145 1625 ipso
177 1568 470 1615 nihilominus,
500 1565 650 1620 inquit,
681 1565 1016 1605 altercabantur:
1059 1577 1097 1606 et
1138 1565 1364 1620 appellavit
1396 1581 1480 1605 no-

54 1660 153 1686 men
185 1643 270 1701 ejus
300 1643 577 1684 inimicitiam.
645 1641 699 1681 Et
745 1640 912 1682 recessit
941 1642 1067 1691 inde,
1108 1653 1147 1682 et
1186 1641 1295 1682 fodit
1323 1642 1478 1682 iterum

55 1732 230 1776 puteum
260 1720 415 1769 alium,
461 1731 502 1760 et
529 1736 620 1760 non
649 1729 746 1759 sunt
775 1718 893 1759 rixati
925 1719 977 1759 de
994 1717 1039 1774 6)
1072 1734 1135 1759 eo.
1194 1717 1298 1759 Ideo
1333 1732 1372 1760 et
1402 1735 1476 1775 ap-

54 1799 223 1853 pellavit
251 1812 412 1838 nomen
444 1795 554 1853 ejus:
587 1795 846 1851 amplitudo:
892 1794 1055 1835 dicens:
1096 1795 1194 1850 quia
1226 1812 1342 1836 nunc
1373 1795 1479 1837 dila-

57 1874 154 1917 tavit
183 1891 261 1917 nos
291 1874 431 1923 Deus,
479 1885 519 1914 et
561 1875 673 1914 auxit
712 1889 791 1914 nos
829 1888 956 1927 super
1005 1876 1202 1913 terram.“
1282 1870 1402 1912 Bene
1431 1872 1477 1912 in

55 1951 243 2006 quodam
274 1951 372 1990 loco
403 1961 569 1991 sanctus
602 1950 845 2004 Apostolus,
877 1949 1148 1990 considerans
1177 1949 1475 2006 mysteriorum

55 2025 389 2079 magnitudinem
430 2026 550 2066 dicit:
592 2024 715 2080 „et⁷)
757 2025 811 2065 ad
852 2025 955 2064 hacc
996 2023 1086 2079 quis
1114 2022 1349 2065 idoneus?“
1409 2022 1477 2065 Si-

24 2132 27 2134 -
54 2104 147 2146 mili
176 2105 326 2152 modo,
360 2103 448 2144 imo
481 2102 607 2154 longe.
639 2101 852 2150 dissimili,
892 2112 1052 2156 quanto
1096 2101 1222 2153 longe
1261 2101 1334 2142 illo
1366 2100 1473 2142 infe-

56 2280 313 2334 pleverunt.“
346 2288 420 2318 etc.
480 2274 566 2316 Sed
598 2275 695 2316 Mss.
729 2286 773 2315 ut
804 2275 848 2316 in
879 2286 1024 2317 nostro
1063 2287 1186 2317 textu.
1220 2276 1269 2316 R
1303 2301 1353 2308 --
1388 2276 1473 2320 Cfr.

29 2294 208 2389 „Genea
239 2334 399 2382 XXVI,
428 2331 494 2373 15.

174 2403 218 2458 ¹)
251 2401 403 2444 Genes.
433 2400 594 2450 XXVI,
624 2401 690 2442 14.
809 2400 1041 2455 ²)Genes.
1077 2400 1237 2449 XXVI,
1268 2400 1332 2443 18

170 2474 218 2528 3)
249 2473 425 2536 Aliquot
450 2471 574 2512 IVIss.·
615 2469 863 2519 „Geraris,“
904 2470 1069 2526 quoties
1109 2468 1152 2510 in
1192 2469 1311 2512 editis
1342 2470 1401 2525 (v.
1437 2487 1472 2514 c.

58 2530 151 2572 edd.
182 2529 268 2585 M.)
299 2528 474 2579 legitur:
505 2525 835 2576 „Gerararum.“
864 2526 915 2567 R.

172 2598 218 2655 ⁴)
251 2598 404 2645 Genes
434 2597 595 2645 XXVI,
624 2595 689 2638 19.
722 2596 791 2641 20.

173 2668 219 2723 ⁵)
251 2666 401 2708 Genes.
431 2666 594 2715 XXVI,
623 2666 689 2707 21.
720 2666 789 2707 22.

173 2739 221 2792 6)
251 2738 416 2778 Desunt
444 2737 592 2777 verba:
625 2735 704 2785 „dc
736 2740 824 2785 eo‚“
859 2734 900 2776 in
932 2736 1026 2776 edd.
1056 2734 1119 2773 M.

176 2807 223 2862 ⁷)
254 2807 292 2846 II
326 2805 426 2847 Cor.
456 2806 508 2854 II,
539 2806 604 2847 16.

63 2884 281 2929 Oxum-:ms
314 2883 483 2926 OPERA.
517 2881 636 2923 Tom.
669 2881 778 2921 VIII.
1088 2879 1139 2919 16
