1764 3096
270 107 349 150 194
868 99 1089 143 OmGnms

271 218 411 260 suisset
442 215 639 272 abjectus,
683 225 723 254 et
753 212 948 262 flevisset,
993 215 1110 254 adest
1141 213 1176 253 ei
1209 212 1379 262 angelus
1421 213 1612 264 Domini,
1641 229 1678 257 et

272 295 434 351 aperuit
466 294 612 334 oculos
645 292 776 343 Agar,
806 302 845 331 ct
875 290 976 331 vidit
1006 303 1181 345 puteum
1215 305 1349 344 aquae
1380 289 1505 331 vivae.
1567 290 1679 332 Haec

274 375 324 414 ad
359 371 573 412 historiam
606 367 751 410 resen-i
784 369 1145 422 quemadmodum
1188 365 1395 421 possunt?
1451 366 1536 407 Ubi
1568 367 1680 409 enim

272 436 676 501 invenimus,'q110(l
710 446 821 495 Agar
850 445 1013 487 clausos
1044 444 1237 485 habuerit
1269 444 1437 493 oculos,
1481 455 1521 486 et
1551 444 1682 499 aperti

272 538 369 567 sunt
398 520 704 581 postmodum?
764 521 920 562 Nonne
958 524 1051 564 luce
1093 522 1246 562 clarior
1278 534 1335 562 est
1363 524 1404 562 in
1438 521 1499 561 his
1529 521 1684 562 intelli-

272 603 407 654 gentis
437 600 665 656 spiritualis
696 611 737 639 et
765 599 956 656 mystica,
989 601 1105 654 qnod
1138 598 1323 654 abjectus
1355 609 1414 638 est
1442 598 1489 647 is,
1518 597 1589 653 qui
1619 614 1685 637 se·

275 681 462 720 cundum
495 693 665 719 earnem
689 688 746 717 est
767 678 965 732 populus,
996 689 1035 717 ct
1064 676 1226 717 tamdiu
1258 673 1364 731 jacet
1383 675 1422 715 in
1447 676 1556 715 same
1588 686 1625 713 et
1645 672 1688 727 ¹)

270 757 348 805 siti,
380 773 466 797 non
483 756 529 807 ²)
559 757 715 795 lamem
738 753 858 809 panis
884 756 1111 809 perferens,
1140 770 1278 808 neque
1295 753 1404 794 sitim
1437 768 1584 806 aquae,
1614 751 1685 791 sed

271 834 380 874 sitim
412 832 526 873 verbi
557 831 661 881 Dei,
692 832 830 872 donec
863 831 1106 886 aperiantur
1136 831 1249 871 oculi
1280 828 1543 888 synagogae?
1589 827 1685 867 Hoc

277 922 347 959 est,
378 910 494 964 quod
528 909 757 964 Apostolus
790 908 892 948 dicit
925 925 1010 950 esse
1039 907 1366 964 mysterium,³)
1396 906 1491 961 quia
1525 904 1685 954 „cneci-

273 1000 331 1029 tas
365 986 535 1038 contigit
566 1002 613 1026 ex
644 997 762 1041 parte
791 986 833 1026 in
866 985 1014 1034 Israel,
1057 987 1195 1026 donec
1234 985 1459 1040 plenitudo
1500 980 1686 1034 gentium

272 1063 490 1111 introiret,
535 1073 575 1101 et
611 1074 711 1101 tunc
759 1061 895 1103 omnis
934 1062 1060 1103 Israel
1101 1064 1236 1104 salvus
1275 1063 1435 1103 fieret.“
1511 1060 1590 1101 Ista
1631 1069 1688 1099 est

275 1156 373 1191 ergo
407 1139 580 1179 caecitas
620 1138 662 1178 in
703 1140 836 1189 Agar,
884 1155 992 1194 quae
1034 1142 1268 1180 seeundum
1317 1156 1487 1180 carnem
1534 1137 1689 1189 genuit,

274 1232 382 1270 quae
411 1215 572 1256 tamdiu
602 1215 645 1255 in
678 1231 724 1254 ea
754 1227 987 1269 permanet,
1019 1217 1157 1256 donec
1179 1218 1368 1257 velamen
1396 1215 1541 1255 literae
1572 1214 1688 1254 aufe-

273 1304 389 1332 ratur
427 1291 566 1347 per4)
604 1291 879 1343 Evangelium
919 1291 1024 1340 Dei,
1074 1304 1113 1332 et
1160 1292 1299 1333 videat
1344 1308 1496 1347 aquam
1544 1290 1687 1330 vivam.

272 1369 397 1409 Nunc
426 1368 539 1409 enim
568 1368 708 1424 jacent
735 1367 891 1409 ,ludaei
921 1368 1031 1408 circa
1059 1369 1198 1424 ipsum
1229 1380 1431 1424 puteum,
1472 1369 1545 1409 sed
1577 1366 1691 1408 oculi

275 1462 424 1486 eorum
455 1446 583 1487 clausi
611 1457 729 1486 sunt:
773 1457 812 1486 et
840 1462 930 1486 non
960 1458 1139 1501 possunt
1167 1445 1315 1487 bibere
1346 1449 1398 1487 de
1430 1457 1558 1500 puteo
1590 1443 1689 1494 legis

275 1534 314 1562 et
342 1523 661 1579 prophetarum.
733 1522 820 1564 Sed
861 1535 901 1563 ct
937 1539 1016 1564 nos
1048 1540 1288 1573 caveamus,
1318 1524 1414 1580 quia
1447 1525 1689 1577 frequenter

275 1610 315 1638 et
343 1615 420 1640 nos
451 1600 562 1640 circa
590 1611 766 1654 puteum
797 1598 984 1656 jacemus
1024 1617 1156 1656 aquae
1195 1600 1331 1650 vivae,
1373 1601 1416 1640 id
1457 1612 1539 1647 est,
1581 1599 1689 1639 circa

274 1675 497 1731 scripturas
527 1674 707 1726 divinas,
750 1688 790 1717 et
819 1693 1008 1719 erramus
1045 1677 1090 1718 in
1129 1679 1240 1734 ipsis.
1298 1678 1513 1718 Tenemus
1543 1677 1688 1723 libros,

275 1763 314 1792 et
342 1751 539 1804 legimus,
577 1754 648 1794 sed
686 1753 948 1809 spiritualem
984 1771 1152 1797 sensum
1192 1771 1281 1796 non
1322 1753 1574 1805 attingimus.
1635 1751 1689 1791 Et

274 1829 372 1870 ideo
405 1846 510 1884 opus
542 1841 600 1870 est
635 1830 819 1871 lacrimis
857 1842 897 1870 et
934 1832 1198 1873 orationibus
1234 1831 1568 1873 indesinentibus
1607 1848 1683 1886 po-

274 1907 447 1954 stulare,
484 1918 530 1947 ut
560 1906 774 1947 Dominus
814 1908 975 1963 aperiat
1015 1911 1164 1950 oculos
1202 1921 1389 1950 nostros:
1433 1909 1530 1964 quia
1562 1921 1602 1948 et
1625 1909 1685 1949 illi

277 1982 462 2036 caeci,⁵)
495 1983 566 2037 qui
595 1983 799 2024 sedebant
828 1984 870 2024 in
902 1985 1091 2034 Jericho,
1121 1985 1200 2026 nisi
1230 1987 1477 2026 clamassent
1507 1986 1559 2026 ad
1591 1986 1685 2026 Do·

273 2060 451 2109 minum,
477 2076 571 2100 non
600 2058 773 2101 fuissent
811 2061 946 2116 aperti
978 2063 1093 2104 oculi
1124 2080 1285 2104 eorum.
1358 2063 1420 2107 Et,
1443 2063 1545 2118 quid
1575 2063 1687 2114 dico,

277 2148 321 2176 ut
350 2136 594 2191 aperiantur
633 2137 747 2177 oculi
784 2138 947 2180 nostri?
1005 2139 1119 2194 Quid
1158 2138 1245 2196 jam
1285 2140 1420 2196 aperti
1448 2152 1556 2181 sunt.
1613 2140 1686 2179 Je-

275 2229 342 2253 sus
381 2212 494 2253 enirn
535 2213 648 2253 venit
685 2214 849 2268 aperire
890 2217 1039 2257 oculos
1081 2232 1322 2258 caecorum
1399 2216 1548 2273 Aperti
1586 2230 1684 2267 ergo

275 2299 372 2329 sunt
403 2288 517 2329 oculi
546 2288 702 2339 nostri,
734 2301 773 2331 et
802 2292 855 2332 de
884 2291 1003 2333 litera
1041 2293 1141 2344 legis
1173 2294 1366 2334 velamen
1395 2294 1583 2334 ablatum
1614 2305 1682 2334 est.

275 2365 361 2406 Sed
391 2381 552 2415 vereor,
581 2381 636 2406 ne
663 2382 743 2407 nos
785 2367 864 2422 ipsi
906 2385 978 2410 eos
1011 2385 1165 2411 somno
1205 2370 1357 2425 iterum
1395 2369 1685 2426 profundiore

393 2518 538 2572 ¹)'Sic
569 2518 678 2560 Cod.
708 2516 972 2563 Belvacensis
1009 2521 1159 2563 melius
1199 2539 1326 2577 quam
1363 2523 1463 2565 libri
1494 2523 1593 2565 editi
1623 2524 1686 2578 (e.

275 2591 309 2615 c.
341 2576 435 2617 edd.
467 2574 568 2629 Μ.),
611 2576 656 2615 in
687 2576 838 2631 quibus
868 2578 1039 2628 legitur:
1078 2590 1145 2628 „et
1173 2578 1268 2620 siti?
1322 2580 1423 2621 Non
1466 2581 1579 2621 enim
1619 2583 1679 2621 fa-

275 2647 387 2673 mem
414 2631 537 2686 panis
564 2632 806 2688 perferens“
835 2644 909 2674 etc.
943 2634 991 2674 R.

387 2700 434 2754 ²)
466 2700 552 2742 Cfr.
588 2701 728 2743 Amos.
759 2702 872 2752 VIII,
903 2704 966 2744 11.
1084 2705 1130 2761 ³)
1163 2705 1249 2746 Cfr.
1280 2705 1403 2747 Rom.
1434 2706 1510 2754 ΧῘ,
1540 2706 1606 2747 25.

387 2769 434 2824 ὅ)
465 2770 568 2812 Tres
597 2769 695 2812 Mss.
727 2771 1014 2817 Turonenses:
1045 2791 1147 2832 „per
1177 2777 1371 2830 angelum
1403 2776 1523 2820 Dei.“
1555 2775 1601 2817 R,

389 2837 435 2893 5)
464 2839 614 2884 Matth.
643 2840 741 2892 XX,
770 2841 835 2885 30.

1747 1519 1761 1581 ,ve—
1741 1435 1761 1499 ,ἦν
1747 1287 1764 1408 pe-<.
1748 1136 1764 1255 m-ss—-f
1750 1070 1764 1106 μ-
1750 1000 1760 1024 ο-
1755 936 1759 946 «Α

1742 2229 1754 2266 05
1742 1991 1759 2183 0⁴Wflz-o-’4
1744 1907 1756 1949 ets
1739 1820 1759 1885 20‘*
1744 1740 1759 1796 Q<
1739 1692 1757 1722 ἰ’-ι
1746 1613 1759 1657 vv.
