1764 3096
254 64 340 108 234
859 61 1080 104 OmGlims

256 178 375 227 boni,
404 178 468 218 vel
497 176 611 226 mali,
641 174 795 217 dicitur
824 175 878 216 de
906 174 982 224 his,
1014 174 1112 230 quia
1157 174 1430 231 „p0pulus¹)
1460 177 1669 231 populum

255 253 483 310 superabit,
515 265 553 294 et
583 251 723 310 major
750 251 898 292 serviet
918 251 1073 293 minori
1089 256 1124 292 :“
1157 269 1233 292 cur
1259 263 1486 307 antequam
1508 253 1560 292 de
1582 269 1670 293 ma-

257 332 328 373 tris
358 343 477 372 utero
510 332 804 387 procederent,
836 329 987 370 dicitur
1016 346 1093 385 per
1123 328 1402 383 prophetam,
1444 330 1542 384 quia
1575 330 1673 378 „Ja-

259 409 404 463 c0b'2)
435 409 571 458 dilexi,
602 408 712 448 Esau
745 418 884 447 autem
917 407 1017 448 odio
1051 406 1219 446 hal›ui.“
1285 404 1402 446 llaec
1435 423 1563 462 supra
1593 424 1673 448 no-

255 498 381 528 stram
414 487 599 536 linguam
631 495 740 533 sunt,
773 496 810 524 et
839 501 965 539 supra
996 483 1185 525 auditum
1217 494 1411 523 vestrum.

370 563 564 605 2.N11nc
604 562 773 603 interim
814 563 1054 611 videamus,
1096 562 1197 617 quid
1239 571 1314 609 est,
1355 562 1473 615 quod
1505 560 1676 602 dicitur:

258 639 446 694 „abiit3)
494 639 687 681 Rebecca
729 639 990 691 interrogare
1037 635 1090 680 ad
1140 637 1423 684 Dominum,“
1495 638 1677 688 „Abiit.“

259 718 362 772 Quo
404 715 536 758 abiit?
607 716 668 757 Ex
710 733 760 758 eo
805 717 927 766 loco,
973 717 1018 757 in
1060 733 1146 772 quo
1189 732 1279 756 non
1324 727 1412 756 erat
1449 715 1677 765 Dominus,

259 795 360 836 abiit
389 796 442 835 ad
475 810 571 834 eum
602 794 758 844 locum,
786 794 827 834 in
863 810 947 849 quo
981 791 1098 834 erat?
1144 791 1241 833 Hoc
1275 792 1386 833 enim
1419 793 1584 834 videtur
1612 792 1675 833 in-

259 873 416 921 dicare,
447 888 543 912 cum
565 871 733 912 dicitur:
768 870 895 919 „abiit
916 871 1177 920 interrogare
1195 869 1478 910 Dominum.“
1521 873 1680 913 Nonne

258 950 419 1005 ubique
437 960 506 989 *cst
534 947 685 989 Deus}>
741 948 897 987 Nonne
934 948 1025 1002 ipse
1065 945 1185 987 dixit:
1226 946 1484 1001 ‚,coelum⁴)
1529 958 1568 987 ct
1596 958 1679 987 ter-

258 1042 348 1067 ram
383 1025 522 1079 ego⁵)
552 1025 711 1078 repleo,
743 1024 842 1064 dicit
872 1022 1144 1064 Dominus?“
1206 1023 1308 1077 Quo
1341 1040 1441 1076 ergo
1475 1024 1576 1065 abiit
1597 1023 1679 1063 Re—

258 1100 418 1144 becca?
474 1101 565 1152 Ego
597 1112 726 1156 puto,
766 1100 884 1154 quod
926 1115 1015 1140 nou
1048 1101 1099 1139 de
1130 1101 1228 1140 loco
1260 1101 1312 1140 ad
1344 1102 1487 1142 locum
1520 1100 1680 1149 abierit,

258 1181 333 1222 sed
365 1180 418 1220 (16
446 1179 527 1219 vita
559 1179 612 1219 ad
643 1177 782 1225 vitam,
813 1177 866 1216 de
897 1186 993 1216 actu
1026 1176 1079 1215 ad
1111 1187 1265 1225 actum,
1297 1177 1350 1216 de
1372 1177 1496 1218 bonis
1518 1179 1570 1218 ad
1591 1194 1678 1217 me-

259 1255 368 1297 liora
398 1254 620 1304 transierit,
651 1256 704 1295 de
731 1253 903 1295 utilibus
935 1254 988 1293 ad
1019 1252 1188 1293 utiliora
1219 1252 1469 1307 perrexerit,
1502 1253 1556 1293 de
1584 1269 1681 1293 san-

261 1333 334 1374 etis
365 1334 420 1374 ad
448 1332 659 1374 sanctiora
688 1330 994 1387 properaverit.
1053 1330 1302 1371 Absurdum
1331 1345 1518 1384 namque
1548 1341 1619 1380 est,
1648 1329 1682 1370 si

259 1410 316 1451 ita
347 1422 542 1465 putemus
563 1407 802 1463 imperitam
833 1406 958 1447 fuisse
988 1406 1226 1447 Rebeccam
1248 1418 1286 1447 et
1311 1405 1543 1456 indoctam,
1575 1424 1682 1463 quae

259 1487 305 1528 in
337 1489 469 1528 domo
501 1485 699 1541 sapientis
739 1483 972 1525 Abrahami
1000 1484 1079 1524 sub
1117 1483 1206 1524 viro
1248 1485 1527 1526 eruditissimo
1567 1485 1682 1526 Isaac

261 1566 399 1605 suerat
428 1562 627 1611 instituta,
657 1572 704 1601 ut
732 1560 841 1601 intra
873 1561 1055 1617 aliquem
1095 1562 1242 1603 locum
1274 1562 1516 1603 Dominum
1558 1574 1683 1618 puta—

261 1641 365 1682 verit
396 1656 478 1682 esse
509 1639 771 1688 conclusum,
804 1650 842 1679 et
871 1638 972 1679 illuc
1003 1638 1082 1679 iret
1110 1639 1394 1690 interrogare,
1437 1640 1539 1694 quid
1580 1656 1681 1694 par-

261 1718 461 1758 vulorum
501 1715 610 1756 intra
647 1727 815 1756 uterum
858 1715 1074 1756 exsultatio
1116 1715 1361 1767 designaret.
1427 1716 1502 1758 Vis
1541 1728 1680 1758 autem

263 1794 418 1841 videre,
448 1792 544 1846 quia
579 1808 624 1832 ex
654 1808 775 1832 more
807 1792 919 1832 venit
950 1792 1035 1832 hoc
1064 1792 1229 1841 sanctis,
1262 1804 1320 1842 ut,
1354 1809 1450 1833 cum
1467 1793 1627 1848 aliquid
1659 1810 1683 1834 a

263 1871 361 1910 Deo
397 1869 560 1910 ostendi
590 1868 667 1909 sibi
700 1868 892 1918 viderint,
922 1871 986 1910 vel
1007 1869 1136 1918 abire,
1166 1870 1231 1910 vel
1254 1869 1431 1910 transire
1448 1886 1490 1911 se
1507 1869 1680 1911 dicant?

263 1947 406 1987 Bloses
441 1962 534 1985 eum
568 1945 731 1986 vidisset
760 1947 917 1986 rubum
948 1947 1116 1995 ardere,
1147 1957 1186 1986 et
1215 1963 1306 1987 non
1340 1946 1468 1996 exuri,
1500 1947 1684 1988 admira-

264 2036 328 2065 tus
359 2023 494 2064 visum
526 2020 648 2062 dixit:
678 2022 988 2078 „transeam,⁶)
1021 2034 1060 2063 et
1088 2022 1241 2063 videbo
1259 2022 1393 2064 visum
1414 2024 1538 2065 hoc.“
1582 2025 1683 2065 Non

264 2101 411 2155 utique
441 2113 480 2140 et
508 2100 598 2156 ipse
619 2100 878 2151 significabat
907 2117 952 2140 se
969 2100 1145 2155 aliquod
1172 2112 1307 2141 terrae
1331 2093 1511 2155 spatium
1531 2101 1684 2141 transi-

264 2188 431 2225 turum,
468 2193 558 2217 non
590 2189 755 2218 montes
786 2179 1096 2227 conscendere,
1136 2194 1214 2218 nec
1263 2177 1423 2230 digredi
1453 2190 1682 2233 praerupta

267 2254 537 2296 convallium.
597 2254 738 2309 Prope
768 2254 905 2309 ipsum
939 2266 1028 2295 erat
1056 2254 1181 2304 visio,
1212 2254 1255 2296 in
1289 2270 1376 2304 ore,
1406 2266 1446 2295 et
1473 2255 1517 2296 in
1548 2254 1683 2295 oeulis

268 2330 370 2388 ejus.
431 2332 517 2373 Sed
548 2331 669 2372 dicit:
698 2343 935 2382 „transeam
948 2337 983 2370 :“
1017 2343 1060 2372 ut
1082 2333 1274 2372 ostendat
1301 2348 1345 2374 56
1369 2331 1681 2373 commonitum

267 2408 429 2450 visione
459 2408 628 2450 coelesti
658 2410 710 2449 ad
739 2408 1001 2463 superiorem
1033 2408 1155 2448 vitam
1188 2409 1345 2450 debere
1382 2409 1682 2457 conscendere,

268 2487 320 2526 ab
353 2486 429 2535 his,
464 2487 508 2526 in
538 2486 690 2541 quibus
721 2497 820 2535 erat,
851 2486 903 2525 ad
933 2485 1110 2526 mellora
1148 2487 1334 2529 transire.
1410 2486 1482 2528 Sic
1512 2502 1610 2538 ergo
1644 2497 1682 2526 et

386 2659 429 2715 1)
463 2659 613 2700 Genes.
644 2659 783 2709 XXV,
813 2661 879 2703 ⁸23.
1009 2661 1053 2715 2)
1084 2662 1270 2702 Malaeh.
1301 2661 1332 2709 I,
1361 2662 1399 2701 2.
1429 2662 1469 2702 3.

383 2728 430 2782 ³)
462 2728 613 2769 Genes.
644 2729 782 2779 XXV,
809 2730 875 2771 22,
996 2731 1042 2785 4)
1072 2731 1228 2774 Jcrem.
1257 2731 1418 2780 XXIII,
1446 2730 1512 2772 24.

385 2797 429 2851 ὃ)
459 2798 587 2840 Deest
617 2805 745 2852 „ego“
775 2799 820 2841 in
851 2801 915 2847 cd.
946 2799 1091 2843 Ruaei.
1211 2800 1258 2856 ⁶)
1287 2801 1424 2843 Exod.
1453 2799 1527 2850 Ill,
1556 2801 1590 2843 3.
