1764 3096
223 66 309 110 314
784 77 841 109 Ex
872 65 1094 110 OmGEms

225 176 390 235 νόηκεν
419 181 580 225 εἰπεῖν·
612 174 674 234 ,,ἢ
694 178 736 234 ¹)
766 181 847 223 τοῦ
878 178 1080 224 πλούτου
1117 182 1193 235 τῆς
1231 178 1534 239 χρηστότητος
1563 179 1650 224 αὐ-

224 262 306 301 τοῦ
338 259 414 300 καὶ
442 260 519 312 τῆς
549 256 717 314 ἀνοχῆς
747 258 824 300 καὶ
854 260 931 313 τῆς
965 261 1292 317 μακροθυμίας
1334 264 1650 315 καταφρονεῖς,

226 335 428 393 ἀγνοῶν,
463 332 530 379 ὅτι
562 332 611 378 τὸ
633 333 837 390 χρηστὸν
854 338 931 380 τοῦ
961 339 1073 380 θεοῦ
1095 339 1157 385 εἷς
1182 333 1433 392 μετάνοιάν
1456 349 1504 379 σε
1525 330 1651 391 ἶὶγει;

225 411 316 455 Διά
347 413 397 456 δὲ
428 410 509 466 τὴν
539 409 815 467 σκληρότητά
847 427 944 469 σου,
987 415 1064 456 καὶ
1101 411 1412 469 ἀμετανόητον
1442 414 1650 470 καρδίαν,

225 494 511 548 θησαυρίζεις
541 494 714 548 σεαυτῷ
748 489 891 549 ὀργὴν
921 492 971 536 ἓν
1001 490 1148 551 ἡμέρᾳ
1181 490 1332 551 ὀργῆς,
1366 493 1442 534 καὶ
1470 489 1654 533 ἀποκα-

225 565 419 623 λύψεως,
451 571 528 611 καὶ
558 567 849 624 δικαιοσύνης
879 572 958 613 τοῦ
989 573 1115 624 θεοῦ,
1150 566 1197 618 ὃς
1229 566 1462 613 ἀποδώσει
1480 565 1653 623 ἑκάστῳ

225 643 339 688 κατὰ
382 647 494 704 ἔργα
534 645 726 690 αὐτοῦ.“

798 644 846 690 Ὁ
887 645 1018 697 αὐτὸς
1063 651 1181 705 γοῦν
1220 643 1472 695 ἀπόστολος
1514 645 1564 688 ἐν
1601 648 1652 704 τῇ

223 722 339 780 πρὸς
364 722 613 780 Ῥωμαίους
641 725 851 786 ἐπιστολῇ
882 739 1039 782 φησιν·
1071 725 1203 781 ,,εἷ2)
1236 724 1285 768 δὲ
1317 727 1467 767 θέλων
1498 722 1520 767 ό
1550 721 1656 772 θεὸς

225 802 518 852 ἐνδείξασθαι
545 800 627 857 τὴν
657 800 822 859 ὀργὴν,
873 806 949 845 καὶ
986 807 1205 860 γνωρίσαι
1249 801 1299 846 τὸ
1333 799 1534 845 δυνατὸν
1565 800 1652 843 αὐ-

224 882 323 937 τοῦ,
355 875 546 936 ἤνεγκεν
585 879 636 922 ἐν
674 882 819 939 πολλῇ
865 886 1166 937 μακροθυμία
1208 878 1345 934 σκεύη
1388 878 1526 935 ὀργῆς
1565 895 1652 921 κα-

225 960 495 1017 τηρτισμένα
526 959 588 1005 εἰς
618 954 900 1000 οέπώλειαν··’ί
941 956 1000 1006 ὠς
1039 960 1115 1011 τῆς
1143 962 1466 1017 μακροθυμίας
1512 955 1652 1000 αὐτοῦ

226 1034 492 1090 ἓνηνοχυίας
521 1030 575 1076 τὰ
606 1029 740 1087 σκεύη
757 1034 832 1087 τῆς
861 1031 1012 1090 ὀργῆς,
1046 1038 1124 1077 καὶ
1145 1037 1287 1079 οἱονεὶ
1312 1038 1649 1092 γεγεννηκυίας.

219 1115 277 1154 Εἰ
305 1110 396 1170 γὰρ
428 1109 553 1170 παρὰ
584 1107 633 1154 τὸ
663 1115 987 1167 μακροθυμεῖν
1018 1109 1159 1155 αὐτὸν
1191 1112 1243 1155 οὐ
1272 1109 1518 1163 κολάζοντα
1547 1109 1652 1160 τοὺς

226 1186 589 1246 ἁμαρτάνοντας,
621 1187 714 1231 ἀλλ’
749 1188 989 1247 ἐλεοῦντα,
1031 1185 1278 1234 ἐπλεόνασε
1308 1192 1358 1249 τῇ
1382 1186 1530 1246 χύσει,
1565 1188 1651 1232 αὐ-

224 1263 300 1315 τός
328 1283 426 1315 πως
464 1262 628 1323 ἤνεγκε
671 1268 722 1325 τῇ
764 1265 925 1310 ἑαυτοῦ
964 1271 1266 1326 μακροθυμία
1304 1265 1359 1310 τὰ
1399 1265 1536 1322 σκεύη
1577 1270 1652 1322 τῆς

225 1345 387 1405 ὀργῆς,
441 1346 518 1388 καὶ
554 1344 609 1388 ἵν’
643 1342 784 1393 οὕτως
813 1348 954 1400 εἴπω,
1002 1343 1137 1394 αὐτὸς
1166 1343 1221 1389 τὰ
1251 1342 1402 1389 πάντα
1430 1348 1652 1399 πεποίηκε

225 1421 361 1477 σκεύη
391 1422 546 1480 ὀργῆς,
578 1424 656 1465 καὶ
685 1419 798 1465 κατὰ
827 1424 979 1481 τοῦτο,
1012 1421 1147 1472 αὐτὸς
1166 1419 1410 1482 ἕσκλήρυνε
1434 1420 1516 1477 τὴν
1537 1439 1651 1481 καρ-

226 1501 335 1543 δίαν
365 1498 528 1547 αὐτῶν.
575 1497 679 1544 ’Ότε
707 1496 798 1557 γὰρ
829 1503 1031 1558 σημείων
1070 1497 1299 1545 τοσούτων
1336 1503 1414 1544 καὶ
1455 1498 1653 1560 τεράτων

225 1581 491 1635 γενομένων
521 1576 575 1622 οὐ
603 1582 812 1623 πείθεται
844 1575 867 1622 ὁ
898 1576 1086 1635 Φαραὼ,
1122 1577 1234 1621 ἀλλὰ
1263 1577 1379 1637 μετὰ
1409 1579 1651 1633 τηλικαῦτα

228 1654 512 1710 ἀνθίσταται,
546 1658 642 1704 πῶς
674 1655 725 1699 οὐ
747 1652 1039 1715 σκληρότερος
1055 1659 1131 1699 καὶ
1156 1654 1448 1715 ἀπιστότερος
1466 1656 1649 1712 ἐλέγχε-

228 1750 323 1785 ται,·
353 1736 430 1787 τῆς
459 1729 754 1789 σκληρότητος
783 1736 860 1776 καὶ
892 1731 1102 1782 ἀπιστίας
1134 1731 1356 1787 δοκούσης
1377 1735 1427 1777 ἐκ
1456 1736 1547 1777 τῶν
1574 1749 1650 1777 τε-

227 1815 427 1869 ραστίων
467 1812 722 1867 δυναμένης
761 1813 1020 1867 γεγονέναι.
1079 1808 1274 1867 Ὅμοιον
1311 1811 1363 1854 δὲ
1402 1813 1479 1854 καὶ
1514 1810 1565 1855 τὸ
1599 1812 1650 1856 ἐν

226 1890 290 1943 τῷ
321 1886 587 1945 εὐαγγελίῳ·
620 1888 775 1943 ,,εῑς’3)
807 1893 948 1944 κρίμα
989 1885 1077 1943 ἐγώ
1118 1891 1179 1936 εἰς
1215 1887 1297 1932 τὸν
1334 1885 1512 1944 κόσμον
1541 1891 1651 1932 τοῦ-

228 1982 310 2009 τον
340 1958 539 2021 {mov-‘⁶
580 1965 633 2009 οὐ
675 1964 766 2023 γὰρ
794 1968 1014 2025 προέθετο
1057 1963 1080 2009 ὁ
1111 1963 1271 2022 Σωτὴρ
1311 1968 1373 2016 εἰς
1403 1971 1544 2027 κρίμα
1573 1967 1651 2011 ἐλ-

228 2049 356 2099 θεῖν,
409 2043 501 2087 ἀλλ’
542 2042 828 2099 ἠκολούθησε
866 2045 928 2100 τῷ
976 2043 1243 2097 ἐληλυθέναι
1286 2042 1460 2100 αὐτὸν,
1494 2043 1544 2088 τὸ
1591 2048 1652 2094 εἰς

228 2127 369 2181 κρίμα
400 2120 539 2166 αὐτὸν
569 2123 836 2176 ἐληλυθέναι
865 2123 957 2165 τῶν
993 2119 1107 2177 μετὰ
1151 2119 1206 2164 τὰ
1238 2118 1447 2178 τεράστια
1479 2121 1531 2166 οὐ
1560 2139 1648 2167 πε-

228 2196 534 2244 πιστευκότων
561 2198 700 2256 αὐτῷ·
732 2197 845 2242 ἀλλὰ
876 2201 953 2241 καὶ
982 2202 1044 2247 εἰς
1070 2202 1245 2243 πτῶσιν
1274 2197 1479 2254 ἐλήλυθε.

651 2370 744 2411 Καὶ
772 2366 875 2426 μεθ’
910 2367 1036 2427 ἐ’τερα
1067 2364 1221 2416 οὕτως.

348 2502 415 2546 Τὰ
464 2500 672 2563 τεράστια
710 2496 961 2558 γινόμενα,
1014 2505 1108 2548 τοῖς
1142 2500 1232 2558 μὲν
1270 2501 1532 2558 δεχομένοις
1572 2502 1648 2544 καὶ

228 2577 541 2635 πιστεύουσιν,
586 2576 645 2628 ὦς
677 2576 803 2638 παρὰ
843 2583 934 2627 τοῖς
975 2578 1228 2634 ἐπιμίκτοις
1256 2582 1526 2637 Αἰγυπτίοις
1557 2585 1648 2627 τοῖς

344 2753 391 2813 ’1)
422 2756 550 2798 Rom.
583 2754 636 2804 II,
665 2756 705 2801 4.
735 2754 775 2797 5.
805 2755 845 2800 6.
877 2755 974 2795 coll.
1007 2754 1101 2796 edd.
1131 2755 1182 2795 N.
1215 2753 1267 2796 T.

347 2827 392 2882 ²)
425 2825 551 2876 Rom.
580 2825 656 2877 IX,
685 2828 750 2869 22.
871 2826 918 2880 ³)
949 2824 1022 2866 Ev.
1051 2828 1208 2868 Joann.
1241 2823 1316 2875 IX,
1345 2824 1411 2868 39.
