1764 3096
459 124 504 154 m
538 110 736 154 GENEsm
766 111 967 154 HommA
988 112 1104 155 XIV.
1410 117 1494 160 255

78 226 203 269 etiam
244 242 292 267 ex
335 223 508 266 veritate
545 224 986 281 comprehenderunt,
1033 222 1266 277 intelligere
1305 227 1495 281 potestis,

81 304 301 360 quomodo
340 301 407 343 hic
442 318 539 342 cum
568 302 702 352 Isaac,
745 301 818 357 qui
856 301 989 342 Verbi
1018 300 1123 351 Dei,
1169 301 1288 356 quod
1330 302 1375 343 in
1403 304 1493 356 lege

78 392 150 430 est,
179 390 295 420 tenet
333 378 537 431 figuram,
577 395 716 435 neque
765 378 810 419 in
854 377 1112 419 dissensione
1149 394 1317 434 semper
1353 391 1496 435 potest

78 473 177 505 esse,
206 471 347 511 neque
376 472 543 512 semper
569 455 614 496 in
641 471 758 512 pace.
829 454 1107 511 Philosophia
1138 455 1250 496 enim
1279 472 1420 512 neque
1448 456 1494 498 in

78 532 276 574 omnibus
306 532 386 585 legi
415 533 500 574 Dei
530 532 739 574 contraria
771 544 851 582 est,
893 549 1033 588 neque
1075 531 1120 573 in
1159 533 1356 574 omnibus
1388 550 1493 575 con—

77 626 195 651 sona.
251 609 382 651 Multi
413 611 525 651 enim
553 610 912 666 philosophorum
941 626 1076 650 unum
1107 626 1193 651 esse
1222 611 1390 659 Deum,
1423 610 1496 666 qui

78 698 227 727 cuncta
259 686 471 736 creaverit,
501 686 702 728 scribunt.
775 686 826 727 In
864 687 947 728 hoc
988 687 1258 727 consentiunt
1286 687 1366 741 legi
1396 688 1492 729 Dei.

76 763 296 819 Aliquanti
327 762 452 804 etiam
481 764 563 803 hoc
593 762 872 811 addiderunt,
919 764 1037 817 quod
1067 764 1185 805 Deus
1227 776 1377 805 cuncta
1415 782 1497 820 per

80 840 268 881 Verbum
298 856 422 881 suum
455 850 494 880 et
522 840 680 890 fecerit,
712 851 752 881 et
777 852 903 893 regat,
936 852 976 881 et
994 840 1184 881 Verbum
1203 840 1287 881 Dei
1312 841 1376 891 sit,
1407 859 1493 897 quo

80 929 229 958 cuncta
259 917 548 958 moderentur.
607 917 658 956 In
687 917 770 959 hoc
798 935 888 959 non
918 917 1057 959 solum
1079 918 1172 967 legi,
1203 918 1336 973 sedl)
1369 918 1494 960 etiam

76 993 312 1047 Evangeliis
353 1010 542 1036 consona
582 994 782 1035 scribunt.
873 993 1051 1036 Moralis
1100 1010 1201 1036 vero
1243 1006 1283 1036 et
1310 996 1495 1055 physica,

79 1088 187 1127 quae
220 1071 373 1112 dicitur
400 1071 694 1128 philosophia,
723 1087 834 1127 pene
865 1071 1031 1121 omnia,
1073 1088 1181 1127 quae
1210 1084 1354 1114 nostra
1384 1085 1494 1123 sunt,

78 1148 275 1190 sentiunt.
333 1148 553 1190 Dissident
588 1166 688 1189 vero
733 1164 756 1188 a
785 1147 933 1198 nobis,
972 1165 1070 1189 cum
1100 1149 1195 1189 Deo
1231 1149 1380 1190 dicunt
1411 1167 1498 1193 esse

78 1226 298 1267 materiam
328 1238 607 1268 coaeternam.
665 1224 894 1275 Dissident,
931 1242 1028 1266 cum
1057 1237 1212 1278 negant
1245 1225 1390 1267 Deum
1421 1243 1495 1268 cu-

79 1319 174 1344 rare
202 1302 420 1352 mortalia,
463 1304 537 1344 sed
567 1301 880 1359 providentiam
916 1301 1004 1360 ejus
1034 1319 1162 1358 supra
1190 1303 1349 1345 lunaris
1380 1304 1497 1356 globi

78 1379 210 1435 spatia
240 1378 442 1422 cohiberi.
501 1380 719 1421 Dissident
750 1396 772 1420 a
801 1378 947 1429 nobis,
978 1396 1074 1420 cum
1104 1379 1204 1422 vitas
1233 1380 1497 1423 nascentium

79 1473 127 1497 ex
142 1455 187 1512 ²)
219 1457 436 1497 stellarum
465 1456 655 1498 cursibus
693 1457 899 1512 pendunt.
967 1456 1207 1508 Dissident,
1251 1474 1348 1500 cum
1385 1475 1498 1500 sem-

78 1532 295 1589 piternum
313 1532 358 1589 3)
399 1533 547 1575 dicunt
587 1534 701 1574 hunc
741 1535 973 1584 mundum,
1019 1545 1059 1574 et
1096 1534 1218 1574 nullo
1257 1535 1345 1576 fine
1381 1536 1498 1576 elau-

80 1611 283 1652 dendum.
343 1611 427 1652 Sed
463 1622 503 1651 et
532 1609 613 1650 alia
642 1610 826 1667 plurima
857 1622 968 1660 sunt,
997 1610 1041 1651 in
1074 1611 1226 1667 quibus
1268 1612 1495 1654 nobiscum

76 1689 143 1728 vel
182 1686 396 1737 dissident,
437 1686 504 1729 vel
542 1688 820 1728 concordant.
885 1687 942 1728 Et
981 1687 1079 1729 ideo
1124 1689 1394 1739 Abimelech,
1433 1707 1498 1731 se-

78 1765 267 1805 cundum
298 1765 405 1805 hanc
436 1765 627 1818 figuram,
657 1765 888 1820 aliquando
920 1763 966 1804 in
996 1780 1102 1820 pace
1134 1782 1221 1807 esse
1247 1783 1345 1807 cum
1368 1767 1496 1818 Isaac,

78 1841 309 1897 aliquando
352 1841 553 1883 dissidere
591 1841 854 1883 describitur.
924 1842 1010 1883 Sed
1051 1854 1090 1883 et
1128 1844 1211 1885 hoc
1255 1860 1344 1885 non
1375 1856 1497 1900 puto,

80 1921 198 1974 quod
230 1918 364 1961 otiose
395 1919 570 1975 Spiritui
600 1931 760 1969 sancto,
791 1919 864 1974 qui
894 1920 997 1960 haec
1027 1919 1182 1969 scribit,
1215 1937 1340 1961 curae
1369 1920 1498 1961 fuerit

81 1996 466 2050 comprehendere,
508 1997 625 2051 quod
666 1997 753 2036 duo
784 1995 855 2036 alii
886 2012 982 2037 cum
1014 1995 1265 2038 Abimelech
1293 1997 1496 2048 venerint,

80 2072 125 2112 id
156 2058 228 2122 est,
260 2071 481 2114 Ochozath
497 2072 543 2128 4)
583 2087 711 2125 gener
745 2071 854 2129 ejus,
895 2083 935 2112 et
964 2071 1139 2125 phicol,
1177 2074 1263 2114 dux
1293 2074 1495 2116 exercitus

81 2146 182 2205 ejus.
240 2151 548 2206 Interpretatur
588 2160 729 2190 autem
771 2149 1011 2190 ochozath:
1053 2155 1275 2199 „tenens,“
1316 2163 1356 2191 et
1395 2151 1494 2191 Phi-

81 2226 172 2267 col:
214 2243 288 2277 „os
320 2227 559 2281 omnium3“
597 2226 685 2281 ipse
715 2237 855 2266 autem
887 2225 1160 2267 Abimelech:
1201 2239 1348 2282 „pater
1376 2245 1496 2269 meus

81 2308 192 2345 rex.“
250 2302 338 2357 Qui
369 2314 475 2355 tres,
515 2314 563 2344 ut
593 2319 668 2355 ego
702 2303 908 2353 arbitror,
939 2303 1163 2357 imaginem
1193 2304 1321 2346 totius
1351 2305 1494 2360 philo-

12 2405 17 2408 ·
80 2379 254 2435 sophiae
282 2392 448 2431 tenent,
494 2396 601 2437 quae
640 2381 755 2435 apud
795 2396 865 2421 eos
897 2379 942 2421 in
980 2392 1063 2423 tres
1100 2393 1240 2436 partes
1283 2381 1495 2432 dividitur,

80 2457 273 2510 logicam,
302 2457 531 2516 physicam,
561 2456 754 2507 ethicam,
784 2457 828 2498 id
852 2469 923 2508 est,
951 2458 1215 2509 rationalem,
1244 2460 1495 2510 naturalem,

202 2639 245 2696 ¹)
274 2641 386 2682 Edd.
416 2638 609 2680 Merlini:
641 2641 714 2681 sed
745 2652 786 2681 et
815 2640 1033 2694 evangeliis
1064 2651 1141 2682 etc.

196 2709 243 2763 ²)
273 2710 403 2752 Deest
430 2715 533 2761 ,‚ex“
561 2709 607 2750 in
637 2711 731 2752 edd.
762 2710 822 2752 M.

199 2778 245 2832 ³)
275 2779 385 2822 Edd.
415 2778 610 2820 Merlini:
646 2792 915 2835 perpetuum.

198 2846 243 2901 ⁴)
274 2848 384 2891 Edd.
415 2848 587 2892 Merlini
616 2861 876 2894 constanter:
916 2849 1201 2903 „ochozacw‘
1232 2859 1272 2890 et
1302 2847 1491 2899 „Ficol.“
