1764 3096
501 107 549 138 m
579 93 778 137 GENEsm
807 90 1006 134 HonnmA
1028 92 1102 132 III.
1160 86 1165 89 ”
1426 92 1509 135 153

100 210 240 253 minus
270 210 320 262 ei,
348 223 472 265 quem
503 223 525 249 e
555 206 712 249 cunctis
739 205 990 247 mortalibus
1019 206 1158 246 solum
1188 205 1410 258 delegerat,
1441 222 1511 246 ae-

101 287 209 329 terni
237 284 468 329 testamenti
496 300 674 326 munere
703 280 974 324 conferebat?
1005 281 1122 323 Haec
1141 281 1252 322 enim
1282 293 1380 324 sunt
1407 283 1513 332 sola,

102 362 146 405 in
177 365 327 419 quibus
355 361 538 413 magistri
566 372 605 402 et
643 362 840 402 doctores
877 376 1111 418 synagogae
1145 371 1390 417 sanctorum
1421 359 1512 410 glo-

103 441 208 481 riam
238 450 416 496 ponunt.
472 436 662 479 Ecclesia
693 453 792 478 vero
816 436 984 487 Christi,
1014 453 1120 492 quae
1149 453 1227 493 per
1255 436 1511 492 prophetam

105 517 285 557 dixerat:
313 514 508 572 „mihi¹)
545 527 682 556 autem
712 515 808 557 satis
847 514 1121 557 honorificati
1157 525 1254 556 sunt
1292 511 1417 553 amici
1452 511 1514 552 tui

102 593 266 633 Deus:“
293 593 516 647 quomodo
547 592 735 634 honoret
766 592 925 633 amicos
953 591 1097 648 sponsi
1125 591 1212 639 sui,
1243 602 1282 632 et
1312 601 1516 646 quantam

100 668 149 711 iis
180 668 356 720 gloriam
386 671 604 720 conserat,
645 686 740 711 cum
780 681 889 722 gesta
921 686 1070 710 eorum
1101 669 1297 718 revolvit,
1333 667 1517 716 veniant,

100 745 133 787 si
158 746 333 797 videtur,
367 759 404 788 et
435 747 619 788 audiant.
688 747 777 789 Nos
819 762 918 798 ergo
959 747 1112 787 imbuti
1149 762 1228 802 per
1259 745 1516 800 Apostolum

100 821 283 864 Paulum
314 823 516 875 dicimus,
562 823 678 881 quia,
720 823 827 866 sicut
863 825 999 865 multa
1039 823 1118 864 alia
1154 823 1200 863 in
1230 824 1362 875 figura
1405 832 1443 861 et
1472 820 1519 860 in

102 899 286 953 imagine
322 903 489 943 suturae
531 902 710 944 veritatis
751 902 931 952 fiebant,
966 901 1024 942 ita
1065 912 1104 941 et
1143 896 1404 942 circumcisio
1444 897 1516 937 illa

105 977 304 1028 carnalis,
343 979 673 1022 circumcisionis
711 979 936 1036 spiritualis
973 980 1159 1020 sormam
1202 977 1382 1028 gerebat.
1449 975 1520 1015 De

105 1071 187 1109 qua
219 1066 258 1095 et
288 1055 460 1108 dignum
492 1068 591 1108 crat,
622 1069 661 1099 et
691 1058 881 1107 decebat,
913 1058 1058 1098 Deum
1089 1053 1315 1114 majestatis
1345 1068 1519 1107 praece-

100 1142 172 1186 pta
202 1133 454 1175 mortalibus
485 1135 597 1176 dare.
656 1120 813 1177 Audite
844 1150 966 1186 ergo,
996 1133 1220 1189 quomodo
1252 1130 1408 1171 Paulus
1440 1129 1520 1169 do-

105 1219 197 1248 ctor
226 1211 411 1260 gentium
441 1211 484 1252 in
517 1212 602 1254 fide
633 1224 673 1253 et
703 1213 873 1253 veritate
900 1214 952 1254 de
969 1209 1298 1252 circumcisionis
1322 1204 1521 1265 mysterio

107 1284 262 1327 Christi
293 1288 511 1329 ecclesiam
553 1289 691 1329 docet.
756 1287 1006 1343 ‚‚Videte,²)
1035 1287 1194 1342 inquit,
1231 1281 1522 1326 circumcisio-

105 1369 232 1403 nem“
263 1388 316 1395 —
347 1366 400 1405 de
428 1365 603 1407 Judaeis
630 1367 823 1422 loquens,
856 1365 927 1421 qui
947 1363 1312 1406 circumciduntur
1332 1361 1377 1402 in
1398 1376 1524 1402 carne

106 1463 173 1480 —·
228 1441 344 1490 „Nos
374 1441 488 1482 enim
516 1459 680 1493 sumus,
712 1444 790 1492 ait,
818 1441 1106 1491 circumcisio,
1145 1440 1217 1495 qui
1247 1439 1396 1495 spiritu
1425 1438 1523 1478 Deo

105 1517 318 1568 servimus,
346 1529 386 1559 et
413 1536 503 1560 non
534 1518 576 1559 in
610 1536 736 1561 carne
766 1520 968 1560 fiduciam
1000 1519 1248 1559 habemus.“
1291 1516 1410 1557 Haec
1439 1531 1527 1555 una

107 1595 229 1636 Pauli
262 1597 315 1636 de
346 1596 666 1638 circumcisione
693 1597 909 1638 sententia.
958 1597 1073 1637 Audi
1099 1606 1138 1636 et
1167 1595 1314 1636 aliam:
1345 1590 1526 1647 „non3)

107 1673 233 1721 enim,
266 1673 338 1728 qui
366 1674 411 1715 in
439 1672 664 1714 manifesto
691 1674 880 1715 Judaeus
913 1683 993 1722 est,
1035 1671 1195 1727 inquit,
1225 1686 1388 1727 neque,
1419 1686 1529 1725 quae

107 1750 327 1791 manifeste
358 1762 437 1800 est,
477 1750 524 1791 in
554 1767 702 1801 carne,
739 1749 1030 1800 circumcisio,
1063 1751 1136 1792 sed
1177 1749 1249 1805 qui
1279 1749 1324 1790 in
1356 1747 1526 1789 occulto

108 1829 320 1876 Judaeus,
360 1826 685 1869 circumcisione
728 1829 889 1878 cordis,
935 1828 978 1869 in
1017 1827 1191 1884 spiritu,
1239 1842 1330 1867 non
1368 1824 1528 1865 litera.“

108 1907 209 1947 Non
238 1905 315 1946 tibi
344 1906 508 1957 dignius
537 1905 703 1947 videtur
731 1906 822 1946 talis
854 1905 1118 1946 circumcisio
1149 1903 1329 1945 dicenda
1358 1901 1402 1942 in
1432 1916 1528 1942 san-

112 1983 197 2032 ctis,
229 1996 269 2024 et
299 1981 442 2023 amicis
471 1982 570 2032 Dei,
601 2000 729 2039 quam
758 1983 894 2024 carnis
925 1980 1224 2024 obtruncatio?
1255 1980 1341 2021 Sed
1368 1994 1531 2019 sermo-

111 2061 175 2101 nis
206 2059 368 2100 novitas
397 2060 573 2101 fortasse
602 2076 694 2101 non
723 2060 863 2101 solum
895 2061 1096 2110 Judaeos‚
1126 2056 1340 2101 sedetiam
1366 2055 1530 2111 aliquos

112 2138 291 2177 fratrum
328 2147 578 2178 nostrorum
622 2138 838 2179 deterreat.
904 2135 1187 2192 Impossibilia
1225 2134 1339 2176 enim
1367 2133 1533 2174 videtur

112 2213 269 2255 Paulus
308 2229 599 2275 praesumere„
646 2216 719 2271 qui
757 2214 1123 2257 circumcisionem
1169 2211 1310 2254 cordis
1354 2210 1532 2252 inducit.

115 2291 353 2346 Quomodo
385 2291 499 2331 enim
529 2291 620 2332 fieri
650 2292 822 2348 poterit,
850 2304 897 2333 ut
927 2291 1253 2333 circumcidatur
1275 2291 1533 2341 membrum,

117 2371 235 2424 quod
274 2368 449 2410 internis
498 2369 725 2411 visceribus
774 2371 1015 2418 obtectum,
1065 2369 1191 2409 etiam
1238 2364 1534 2422 conspectibus

118 2445 215 2500 ipsis
244 2445 468 2486 hominum
499 2446 627 2488 latet?
659 2446 900 2488 Redeamus
941 2462 1040 2498 ergo
1074 2446 1128 2486 ad
1156 2443 1429 2502 propheticas
1458 2460 1534 2484 vo-

121 2537 200 2571 ces,
228 2533 275 2562 ut
289 2520 334 2577 4)
367 2524 585 2566 orantibus
615 2525 734 2567 vobis
766 2526 884 2576 haec,
916 2526 968 2566 de
1000 2524 1153 2580 quibus
1186 2521 1440 2580 quaerimus,
1469 2521 1536 2562 in-

234 2702 284 2759 >¹)
314 2703 466 2747 Psalm.
500 2706 747 2758 CXXXIX,
778 2708 841 2751 17.
873 2706 1206 2764 (CXXXVIII.)

238 2773 286 2827 2)
314 2772 498 2831 Philipp.
529 2777 604 2826 111,
637 2781 675 2821 2.
704 2779 742 2821 3.
862 2779 908 2834 ³)
938 2778 1062 2820 Rom.
1096 2778 1148 2830 11,
1179 2777 1247 2822 28.
1276 2778 1342 2822 29.

240 2842 286 2894 ⁴)
316 2844 427 2888 Edd.
459 2846 653 2891 Mcrlini:
685 2861 724 2892 ct
755 2849 972 2895 orantibus
1003 2861 1080 2892 etc.
