1764 3096
223 91 280 133 46
622 101 679 131 Ex
710 88 930 132 Ommzms
961 101 1008 131 m
1039 89 1241 133 Gmsssm

224 199 396 261 τρόπον
423 203 747 261 παρίστασθαι.
814 206 874 246 Τί
899 201 989 263 γὰρ
1021 198 1195 246 ι’ἒτοπον
1224 200 1409 246 ἀκούειν
1437 205 1528 248 τῶν
1555 221 1638 248 κυ-

225 282 608 339 ριολεκτουμένων
639 281 689 324 ἓν
719 285 814 329 ταῖς
843 282 1103 336 διαλέκτοις,
1137 282 1213 323 καὶ
1242 277 1506 337 εἰμστάνειν
1534 281 1639 325 ἐπι-

223 360 374 416 μελῶς
407 362 501 406 τοῖς
539 362 914 414 σημαινομένοις
967 359 1060 401 ἔστι
1103 356 1192 417 γὰρ
1235 355 1352 401 ὅπου
1390 355 1517 415 παρά
1557 355 1640 412 τὴν

225 431 420 492 ι’ἱγνοιαν
447 437 538 478 τῶν
566 437 787 491 λογικῶν,
820 433 1030 491 μεγάλως
1059 423 1416 493 περιπίπτομεν,
1448 432 1513 491 μὴ
1554 451 1642 477 κα-

224 517 461 573 θαίροντες
493 510 570 561 τὰς
601 510 889 568 ὁμωνυμίας,
938 515 1014 556 καὶ
1045 511 1347 569 ἀμφιβολίας,
1392 515 1469 554 καὶ
1498 529 1641 555 κατα-

218 588 416 648 χρήσεις,
444 592 521 632 καὶ
549 593 847 647 κυριολεξίας,
891 591 968 631 καὶ
1005 586 1259 637 διαστολάς
1308 583 1407 633 οἷον
1434 587 1560 645 παρὰ
1592 587 1642 632 τὸ

225 668 494 727 ἀγνοεῖσθαι
522 665 604 721 τὴν
635 665 885 723 ὁμώνυμον
913 669 990 720 τῆς
1007 663 1184 723 κόσμου
1211 671 1519 725 προσηγορίας
1538 683 1643 724 (sw-

225 744 325 801 νὴν,
356 742 699 789 ἐκπεπτώκασιν
729 745 805 788 ἐπὶ
835 741 883 787 τὸ
916 743 1188 799 ἀσεβέστατα
1210 748 1402 800 φρονεῖν
1428 746 1534 802 περὶ
1562 745 1640 786 τοῦ

226 824 531 881 δημιουργοῦ,
575 823 618 866 οἱ
659 818 723 878 μὴ
764 818 1068 877 καθάραντες,
1112 821 1190 865 ε’πὶ
1229 825 1365 863 τίνων
1395 825 1536 864 κεῖται
1570 817 1638 864 τό·

227 898 285 957 ,,ὁ
317 897 547 956 κόσμοςῑ)
590 899 641 942 ἓν
681 900 742 954 τῷ
791 900 977 955 πονηρῷ
1021 898 1228 942 κεῖται·“’ί
1298 895 1365 941 ὅτι
1403 896 1504 941 ἀντὶ
1550 899 1642 941 τῶν

223 983 467 1036 περιγείων
494 978 570 1019 καὶ
601 974 908 1034 ἀνθρωπίνων
938 977 1068 1019 τοῦτο
1102 972 1241 1024 οὕτως
1270 975 1366 1019 ἐκεῖ
1391 978 1452 1032 τῷ
1480 971 1640 1018 ’Ῑωάν-

226 1072 280 1115 νῃ
312 1058 495 1111 εἴρηται.
559 1055 795 1106 Οἷηθέντες
824 1051 913 1110 γὰρ
952 1050 1130 1109 κόσμον
1160 1051 1250 1095 κατ’
1285 1051 1424 1107 αὐτὴν
1454 1050 1535 1107 τὴν
1566 1055 1642 1096 λε’-

226 1136 297 1183 ξιν
335 1134 639 1190 σημαίνεσθαι
678 1127 727 1172 τὸ
771 1126 978 1186 σύστημα
1016 1128 1066 1173 τὸ
1108 1130 1154 1179 ἐξ
1193 1129 1390 1186 οὐρανοῦ
1431 1132 1508 1172 καὶ
1542 1132 1638 1186 γῆς,

225 1213 302 1253 καὶ
328 1211 419 1253 τῶν
448 1208 498 1251 ἐν
528 1206 694 1261 αὐτοῖς,
728 1203 989 1265 θρασύτατα
1019 1208 1096 1249 καὶ
1119 1204 1400 1250 ἀνοσιώτατα
1431 1206 1641 1264 ἀποφαί-

225 1303 381 1331 νονται
409 1287 516 1343 περὶ
545 1286 672 1328 θεοῦ·
705 1283 928 1340 μηδαμῶς
965 1284 1083 1342 ἔργῳ
1114 1281 1347 1327 δεικνύναι
1375 1282 1640 1341 δυνάμενοι,

223 1367 322 1413 πῶς
351 1361 474 1418 ἥλιος
513 1363 591 1404 καὶ
630 1357 792 1414 σελήνη
823 1362 900 1402 καὶ
932 1359 1134 1417 ἀστέρες,
1179 1359 1232 1404 τὰ
1274 1358 1388 1404 οὕτω
1420 1364 1642 1420 τεταγμέ-

227 1458 313 1491 νως
329 1441 375 1497 ²)
396 1436 659 1495 κινούμενα,
680 1442 821 1482 κεῖται
845 1438 895 1480 ἕν
914 1439 976 1494 τῷ
999 1439 1199 1497 πονηρῷ.
1255 1434 1372 1481 Εἶτα
1395 1437 1477 1482 ἐὰν
1501 1455 1643 1495 προς-

226 1518 414 1576 άγωμεν
437 1517 587 1566 αὐτοῖς
616 1516 665 1559 ἐκ
687 1517 783 1558 τοῦ·
817 1506 981 1569 ,,οῧτός
997 1515 1042 1570 ³)
1064 1515 1187 1558 ἐστιν
1210 1513 1232 1559 ὁ
1266 1503 1411 1574 ἀμνὸς
1430 1519 1509 1561 τοῦ
1529 1519 1641 1561 θεοῦ

229 1595 251 1640 ὁ
283 1599 425 1654 αἴρων
453 1591 535 1649 τὴν
566 1590 794 1651 ἁμαρτίαν
822 1594 902 1635 τοῦ
934 1589 1161 1649 κόσμου·“
1185 1591 1251 1636 ὅτι
1270 1590 1442 1649 κόσμος
1471 1594 1586 1636 ἔνθα
1614 1594 1641 1649 ἡ

228 1674 427 1730 ἁμαρτία
466 1667 722 1725 πλεονάζει,
779 1668 891 1712 κατὰ
940 1667 1105 1718 ταύτας
1152 1668 1231 1718 τὰς
1269 1672 1406 1719 λέξεις
1447 1673 1638 1728 λέγεται,

226 1753 453 1795 τουτέστιν
492 1748 542 1791 ἕν
587 1752 680 1796 τοῖς
727 1751 972 1806 περιγείοις
1017 1743 1193 1800 τόποις,
1245 1745 1641 1805 εὖγνωμονοῦντες

225 1829 312 1886 μὲν
341 1823 649 1886 προσήσονται
678 1823 732 1868 τὰ
763 1822 1003 1883 λεγόμενα,
1037 1827 1401 1881 ([ιλονεικοῦντες
1431 1825 1502 1880 δὲ,
1539 1826 1640 1880 ἠλι-

225 1910 337 1954 θίως
379 1900 796 1960 ἀναστρεφόμενοι,
850 1903 1116 1958 ἕπιμενοῦσι
1150 1905 1242 1950 τοῖς
1287 1898 1408 1950 ἅπαξ
1441 1887 1641 1957 ’κριθεῖσι

225 1987 491 2041 μοχθηροῖς,
523 1978 599 2023 διὰ
629 1979 711 2035 τὴν
741 1975 938 2037 ι’ἱγνοιαν
971 1981 1046 2033 τῆς
1076 1976 1354 2035 ὁμωνυμίας.
1414 1977 1564 2022 Πάλιν
1594 1995 1642 2023 τε

228 2052 284 2103 αὖ
316 2058 396 2103 ἐὰν
424 2061 619 2115 λέγηται·
653 2055 791 2112 ,,θεὸς
807 2055 851 2112 ⁴²)
870 2048 926 2111 ἧν
955 2057 1005 2099 ἒν
1034 2059 1231 2112 Χριστῷ,
1265 2053 1442 2113 κόσμον
1471 2059 1641 2100 καταλ-

227 2134 472 2191 λ.ιὲσσων5)
523 2133 730 2190 ἑαυτῷ·“
791 2133 936 2177 οὐκέτι
983 2130 1256 2188 δυνήσονται
1309 2130 1332 2178 ὃ
1380 2130 1642 2192 ἐξειλήᾳασι

345 2275 389 2327 ¹)
419 2273 438 2312 I
469 2274 625 2314 Joann.
655 2274 706 2323 V,
738 2274 803 2316 19.

341 2343 397 2406 ²)
417 2343 525 2384 Edd.
556 2343 775 2391 Philocal„
804 2342 944 2407 iter-nq.
977 2344 1070 2384 edd.
1103 2342 1167 2391 H„
1198 2342 1241 2382 in
1271 2353 1406 2382 textu:
1445 2356 1639 2395 ,,τεταγ-

230 2404 397 2460 μένα.“
465 2399 646 2439 Tarinus
684 2411 824 2439 tamen
866 2415 910 2439 m
940 2399 1073 2441 notis:
1120 2409 1324 2453 „uterque
1351 2397 1520 2438 Thuani
1553 2396 1638 2437 Co-

229 2463 326 2501 dex:
363 2456 691 2513 τεταγμένως,“
724 2455 848 2496 Huet.
878 2456 931 2495 ad
960 2455 1213 2506 marginem:
1244 2453 1446 2504 „sm-ibas:
1476 2468 1639 2511 τεταγ-

225 2514 424 2572 μένωςὲς

343 2583 390 2638 3)
418 2583 494 2623 Ev.
524 2582 680 2624 Joann.
711 2580 742 2630 I,
772 2580 838 2622 29.
871 2581 968 2622 coll.
1005 2580 1100 2622 edd.
1130 2579 1181 2620 N.
1213 2578 1262 2619 T.

342 2652 388 2710 4)
420 2653 459 2692 II
492 2652 593 2693 Cor.
623 2653 674 2701 V,
705 2652 768 2693 19.

342 2724 386 2777 ⁵)
419 2721 600 2763 Tarinus
620 2721 661 2761 in
686 2720 818 2762 notis:
851 2719 988 2770 ,‚Cod.
1015 2718 1187 2769 Regius:
1213 2714 1521 2760 κατατάσσων.
1555 2717 1636 2758 Hic

229 2777 432 2820 deficiunt
472 2777 643 2818 Thuani
675 2777 838 2825 Codd.‚
875 2792 1059 2831 quorum
1089 2775 1133 2815 in
1172 2775 1316 2815 locum
1357 2775 1636 2814 commodum

225 2836 457 2877 succedunt
492 2834 590 2875 libri
631 2845 778 2875 contra
809 2832 979 2875 Celsum
1011 2848 1033 2873 a
1063 2831 1170 2872 Dav.
1200 2830 1455 2873 Hoeschelio
1497 2829 1632 2873 editi.“
