1764 3096
235 91 322 137 264
844 84 1065 129 Omonms

240 213 363 262 parte
392 202 530 244 suerat
561 200 848 249 obscuratum,
882 200 999 255 quod
1031 198 1169 254 decipi
1200 196 1363 254 potuit,
1397 199 1515 254 quod
1545 200 1666 241 vesti-

244 292 392 322 menta
422 279 626 328 scindere,
658 279 776 333 quod
808 277 911 318 salso
941 276 1111 330 lugere,
1144 276 1261 330 quod
1291 276 1523 331 implorare
1552 294 1669 317 mor-

245 370 346 408 tem,
379 358 496 413 quod
518 355 562 396 in
583 354 800 395 infernum
833 366 1005 410 cuperet
1034 353 1220 406 lugendo
1254 353 1521 395 descendere.
1560 354 1669 395 Pro-

246 448 344 492 pter
383 434 487 476 haec
537 448 635 484 ergo
692 449 808 475 nunc
845 431 1061 473 resuscitat
1111 442 1151 470 et
1198 430 1437 485 reaccendit
1476 430 1671 486 spiritum

247 527 398 561 suum,
433 509 530 566 quia
571 525 834 564 consequens
866 520 973 557 erat,
1004 520 1051 548 ut
1080 509 1238 557 lumen,
1271 508 1388 564 quod
1417 507 1462 548 in
1495 524 1546 549 eo
1592 510 1672 549 ob·-

248 599 490 630 scuraverat
528 588 643 628 fraus
692 585 924 636 mendacii,
965 586 1260 626 reaccenderet
1293 597 1333 626 et
1363 587 1573 628 refoveret
1602 603 1671 628 ve-

253 665 387 706 ritatis
419 664 599 705 auditus.

357 743 398 786 9.
430 743 591 784 Verum
636 741 732 797 quia
774 727 976 788 diximus,
1017 740 1131 794 quod
1165 739 1301 781 Jacob
1335 752 1417 790 est,
1456 739 1529 796 qui
1558 757 1675 781 reac—

247 819 391 861 cendit
430 819 624 875 spiritum
668 835 814 867 suurn,
855 816 982 857 Israel
1021 834 1120 858 vero
1164 829 1247 867 est,
1289 817 1361 873 qui
1392 817 1515 858 dicit:
1558 835 1675 868 „ma-

248 895 439 952 gnum¹)
470 895 574 937 mihi
607 908 677 945 est,
709 895 742 936 si
772 895 911 935 adhuc
942 892 1053 934 filius
1078 910 1196 935 meus
1228 895 1389 950 Joseph
1421 895 1565 935 vivit:“
1595 913 1676 951 po-

247 984 308 1014 tes
341 985 380 1014 et
410 984 469 1023 tu,
501 972 572 1029 qui
605 974 706 1014 haec
738 971 869 1020 audis,
899 969 1105 1025 incipiens
1136 972 1188 1011 ab
1223 988 1271 1012 co
1304 972 1425 1021 loco,
1456 972 1543 1012 'ubi
1571 973 1675 1014 scri—

246 1061 368 1105 ptum
403 1061 475 1100 cst,
511 1050 609 1105 quia
639 1049 832 1104 „dixit2)
861 1047 921 1087 ei:
953 1045 1038 1103 jam
1060 1065 1151 1089 non
1178 1050 1315 1090 Jacob
1348 1048 1569 1090 vocabitur
1597 1067 1680 1091 no-

245 1142 347 1167 men
377 1138 500 1167 tuum
520 1157 531 1175 ,
561 1128 635 1168 sed
666 1126 817 1175 Israel,
852 1125 949 1181 quia
978 1123 1190 1166 invaluisti
1220 1127 1274 1166 ad
1305 1127 1469 1177 Deum,
1510 1139 1551 1168 et
1582 1146 1678 1169 cum

247 1203 494 1244 hominibus
524 1216 677 1260 potens
707 1205 842 1245 factus
876 1219 917 1244 cs
936 1207 973 1243 :“
1017 1218 1189 1242 omnem
1231 1203 1494 1260 Scripturam
1526 1207 1677 1247 decur-

246 1298 358 1331 rens,
388 1281 578 1322 invenire
617 1279 743 1337 hujus
776 1279 976 1322 vocabuli
1020 1279 1321 1321 differentiam.
1379 1281 1512 1323 Verbi
1543 1299 1679 1331 causa,

248 1359 410 1413 cum3)
442 1357 562 1400 dicit:
596 1358 829 1409 „annuntia
848 1356 893 1413 ¹²)
923 1357 1028 1397 mihi
1053 1373 1213 1398 nomen
1235 1370 1378 1400 tuum:
1411 1358 1504 1408 „hic
1538 1359 1583 1409 is,
1606 1359 1677 1415 qui

248 1435 416 1488 ignorat
444 1452 631 1487 nomen,
665 1453 756 1478 non
796 1435 925 1477 Israel
958 1451 1045 1476 esse
1076 1435 1244 1486 dicitur,
1274 1437 1347 1477 sed
1378 1437 1528 1478 Jacob.
1589 1436 1678 1478 Ubi

248 1529 350 1555 vcro
382 1513 561 1568 „non⁵)
594 1514 726 1554 edunt
753 1529 952 1562 nervum,
1004 1511 1077 1568 qui
1111 1512 1331 1568 obstupuit
1372 1513 1417 1553 in
1456 1513 1682 1554 latitudine

250 1591 453 1632 femoris“
483 1590 759 1647 patriarchae,
789 1606 880 1630 non
913 1588 991 1630 filii
1019 1590 1180 1639 Jacob,
1221 1591 1295 1631 sed
1325 1591 1403 1632 filii
1433 1591 1562 1632 Israel
1594 1609 1681 1633 esse

252 1668 466 1712 dicuntur.
523 1669 603 1709 Ille
632 1684 755 1717 vero,
790 1667 862 1722 qui
892 1666 1119 1723 respiciens
1149 1665 1253 1708 vidit
1283 1667 1398 1708 Esau
1427 1668 1678 1719 venientem,

250 1758 293 1787 et
323 1763 421 1787 cum
451 1745 543 1800 ipso
577 1744 907 1801 quadringentos
939 1744 1073 1793 viros,
1117 1754 1156 1784 et
1187 1743 1379 1784 adoravit
1407 1745 1559 1800 septies
1590 1749 1680 1787 for-

251 1823 512 1872 nicatorem,
545 1834 584 1863 et
614 1824 868 1877 profanum,
905 1833 945 1862 et
975 1838 1093 1870 eum,
1127 1820 1199 1875 qui
1229 1837 1310 1876 pro
1341 1837 1426 1861 una
1458 1839 1548 1864 esca
1580 1841 1681 1864 ven-

252 1900 362 1941 didit
389 1899 671 1955 primogenita
699 1915 786 1948 sua,
821 1915 912 1938 non
938 1898 1079 1947 Israel,
1109 1899 1183 1938 scd
1214 1898 1351 1938 Jacob
1385 1898 1551 1940 dicitur.
1593 1901 1681 1942 Sed

255 1989 297 2019 ct
327 1994 424 2018 cum
458 1977 495 2018 ei
528 1978 657 2017 offert
688 1978 815 2025 dona,
847 1986 888 2015 et
920 1974 1043 2016 dicit:
1075 1974 1194 2025 „si⁶)
1225 1974 1367 2015 inveni
1398 1977 1574 2027 gratiam
1607 1995 1680 2018 co-

252 2071 344 2096 ram
376 2067 440 2104 te,
478 2054 642 2110 suscipe
672 2054 775 2094 haec
805 2069 985 2093 munera
1017 2053 1070 2093 de
1100 2051 1296 2093 manibus
1326 2052 1453 2105 meis,
1504 2068 1684 2111 propter

253 2133 372 2188 quod
402 2130 488 2172 vidi
517 2131 670 2172 facicm
700 2142 837 2180 tuam,
877 2130 985 2171 sicut
1027 2129 1098 2186 qui
1127 2129 1241 2170 videt
1269 2129 1421 2170 faciem
1452 2131 1584 2172 Dei:“
1614 2134 1683 2174 hic

251 2225 343 2250 non
371 2220 458 2249 erat
487 2208 628 2257 Israel,
659 2209 732 2249 sed
764 2209 915 2248 Jacob.
984 2208 1042 2248 Et
1079 2206 1155 2248 ubi
1186 2205 1366 2256 audivit,
1409 2208 1506 2262 quia
1536 2222 1683 2250 conta-

250 2285 412 2327 minata
444 2297 504 2325 est
534 2285 650 2325 Dina
681 2284 767 2325 filia
800 2282 902 2341 ejus,
935 2295 976 2325 et
1004 2283 1135 2324 tacuit
1151 2284 1302 2332 Jacob,
1334 2301 1557 2340 usquequo
1577 2303 1680 2327 con-

251 2364 445 2405 venirent
474 2361 551 2402 filii
583 2359 684 2418 ejus,
715 2378 805 2402 non
836 2360 990 2401 dicitur
1019 2361 1159 2401 Israel.
1222 2361 1308 2402 Sed
1339 2373 1379 2401 et
1408 2373 1476 2412 tu,
1508 2375 1556 2404 ut
1586 2364 1682 2414 dixi,

252 2440 404 2483 similia
433 2440 466 2481 si
498 2440 710 2488 observes,
740 2436 936 2479 invenies.
1010 2437 1060 2479 In
1089 2437 1301 2493 praesenti
1329 2437 1455 2492 igitur
1486 2440 1680 2491 lectione,

373 2613 416 2667 1)
451 2613 605 2654 Genes.
636 2613 766 2662 XLV,
801 2613 869 2655 28.
989 2612 1035 2668 2)
1071 2612 1221 2656 Genes.
1253 2612 1438 2665 XXXII,
1468 2615 1536 2659 28.

366 2683 413 2736 3)
443 2684 554 2724 Edd.
587 2681 780 2723 Merlini:
813 2693 859 2722 ut
891 2698 988 2723 cum
1020 2682 1132 2725 dicit.

369 2751 415 2807 ἰ)
449 2752 602 2793 Genes.
633 2752 818 2801 XXXII,
847 2754 914 2796 29.
1035 2755 1079 2810 ⁵)
1114 2754 1267 2797 Genes.
1298 2755 1484 2807 XXXII,
1513 2757 1579 2800 32.

367 2821 414 2878 ⁶)
448 2822 599 2863 Genes.
631 2822 837 2874 XXXIII,
869 2824 935 2867 10.
