1764 3096
233 37 316 80 152
832 33 1055 76 Ommzms

233 149 311 192 ista
340 147 568 190 mandatur
594 145 817 203 inspectio,
845 157 892 187 ut
919 145 982 187 illi
1016 144 1245 196 eligantur,
1273 159 1363 186 non
1395 161 1502 202 quos
1532 148 1656 190 ceteri

236 226 432 267 homines
461 235 635 274 norunt,
664 240 753 264 non
786 239 895 278 quos
924 221 1170 278 imperitum
1192 222 1338 274 vulgus
1359 222 1557 275 agnoscit,
1583 225 1657 265 scd

239 319 345 359 quos
374 302 589 359 propheta
620 301 718 340 Deo
750 299 902 355 plenus
934 298 1134 353 elegerit?
1184 299 1286 340 Non
1318 293 1429 340 cnfm
1461 315 1554 352 erga
1586 315 1658 342 eos

239 382 294 422 de
325 396 530 436 corpore,
571 395 663 419 non
708 378 761 418 de
802 387 953 428 aetate,
993 378 1067 419 sed
1098 377 1150 417 de
1180 387 1325 416 mente
1354 374 1560 432 judicium
1593 388 1661 418 est.

239 457 363 499 Tales
409 471 508 508 crgo
551 466 671 496 erant
709 454 776 496 isti
815 454 925 495 beati
955 453 1188 511 presbyteri
1219 453 1438 496 Abraham
1478 465 1517 494 et
1546 453 1662 496 Sara.

237 532 292 575 Et
320 534 462 589 primo
496 531 689 573 omnium
721 530 900 583 genuina
932 530 994 572 his
1014 530 1055 584 ¹)
1084 529 1276 580 nomina,
1311 546 1419 586 quae
1439 542 1554 572 ortus
1572 547 1663 572 car-

236 612 343 652 nalis
374 611 572 658 dederat,
612 619 942 649 commutantur.
1015 607 1150 657 „Cum
1172 606 1217 662 2)
1250 608 1361 648 enim
1395 619 1497 650 essct
1524 624 1662 648 nona-

238 688 350 739 ginta
382 698 421 727 et
451 701 605 727 novem
639 701 852 726 annorum
883 686 1124 733 Abraham,
1169 684 1366 740 apparuit
1396 684 1431 724 ei
1461 684 1593 734 Deus,
1625 696 1665 725 ct

240 763 365 805 dixit:
393 762 485 815 Ego
517 778 610 805 sum
643 762 774 812 Deus,
805 764 1028 819 complace
1050 778 1195 803 coram
1225 777 1307 812 me,
1339 773 1379 802 et
1409 773 1494 803 esto
1524 761 1664 803 incul-

238 840 402 896 pabilis‚
435 852 474 882 et
502 857 664 896 ponam
696 851 994 881 testamentum
1024 856 1168 880 meum
1199 838 1308 879 inter
1336 856 1405 880 me
1436 851 1474 880 et
1504 851 1555 880 te.
1609 839 1666 880 Et

237 917 428 973 procidit
458 917 677 958 Abraham
709 919 752 958 in
783 917 933 958 faeiem
967 934 1109 966 suam,
1140 928 1179 957 et
1208 915 1401 957 adoravit
1430 916 1597 965 Deum,
1627 926 1666 956 et

239 995 408 1037 locutus
438 1006 496 1036 est
527 993 564 1035 ei
597 994 728 1042 Deus,
761 994 925 1035 dicens:
955 995 1047 1046 Ego
1083 1011 1201 1035 sum:
1235 1010 1332 1034 ecce
1363 993 1663 1034 testamentum

237 1088 383 1113 meum
412 1083 568 1121 tecum,
598 1082 638 1112 et
668 1059 899 1125 eris'pater
922 1070 1203 1113 multitudinis
1223 1070 1434 1123 gentium:
1466 1081 1506 1110 et
1535 1071 1665 1111 benc-

239 1149 438 1191 dicentur
465 1149 511 1190 in
539 1160 580 1189 te
614 1163 763 1189 omnes
794 1159 954 1199 gentes,
996 1158 1037 1188 et
1074 1144 1160 1200 jam
1200 1164 1290 1188 non
1330 1147 1554 1188 vocabitur
1582 1164 1663 1188 no-

241 1243 340 1267 men
373 1239 494 1267 tuum
525 1225 703 1273 Abram,
731 1224 805 1265 sed
837 1224 913 1264 erit
943 1239 1104 1264 nomen
1135 1235 1255 1264 tuum
1294 1224 1552 1264 Abraham.“
1612 1223 1669 1263 Et

239 1319 337 1344 cum
370 1303 551 1344 dedisset
580 1301 665 1342 hoe
695 1316 869 1349 nomen,
898 1301 1036 1342 statim
1065 1299 1300 1357 subjungit:
1345 1300 1472 1350 „et3)
1504 1316 1668 1356 ponam

237 1391 536 1422 testamentum
569 1394 714 1420 meum
731 1377 776 1433 ⁴)
805 1378 1002 1419 interme
1025 1389 1064 1420 et
1083 1390 1136 1428 te,
1168 1389 1208 1419 et
1235 1377 1345 1419 inter
1373 1394 1518 1419 semen
1547 1390 1668 1419 tuum

240 1469 339 1513 post
365 1469 420 1499 te.
479 1457 534 1498 Et
565 1456 650 1497 hoc
683 1467 743 1497 est
773 1467 1085 1506 testamentum,
1116 1457 1236 1510 quod
1259 1455 1443 1497 servabis
1462 1455 1572 1496 inter
1601 1472 1671 1496 me

243 1546 284 1574 ct
313 1546 372 1585 te,
402 1545 442 1575 et
478 1532 589 1574 inter
626 1549 771 1574 semen
810 1545 936 1574 tuum
979 1545 1079 1589 post
1113 1538 1195 1573 te.“
1252 1533 1307 1575 Et
1334 1545 1430 1589 post
1459 1533 1564 1574 habe
1593 1534 1669 1574 ad-

244 1612 391 1666 dit*:⁵)
421 1610 841 1666 ‚,circumcidetur⁶)
873 1626 1002 1652 omne
1031 1610 1312 1651 masculinum
1343 1622 1540 1661 vestrum,
1571 1610 1670 1665 et7)

242 1688 553 1730 circumcidetis
586 1703 758 1729 carnem
793 1687 1005 1743 praeputii
1036 1686 1201 1728 vestri.“

355 1766 394 1807 4.
424 1765 556 1818 Igitur
597 1765 949 1820 quandoquidem
989 1764 1033 1805 in
1074 1764 1188 1805 hunc
1228 1764 1476 1806 devenimus
1507 1765 1668 1815 locum,

242 1841 460 1897 requirere
488 1842 612 1892 volo,
649 1842 684 1884 si
715 1842 988 1898 omnipotens
1019 1841 1162 1890 Deus,
1212 1841 1284 1896 qui
1316 1843 1426 1883 coeli
1457 1858 1504 1882 ae
1534 1854 1672 1884 terrae

243 1919 514 1961 dominatum
543 1929 679 1969 tenet,
724 1920 871 1960 volens
910 1929 1207 1960 testamentum
1247 1934 1411 1972 ponere
1447 1935 1548 1979 ¹cum
1579 1918 1670 1960 viro

241 2007 403 2045 sancto,
433 1995 477 2037 in
508 1995 592 2036 hoc
622 2012 836 2036 summam
866 1994 973 2035 tanti
1002 1995 1160 2046 negotii
1191 1994 1444 2045 collocabat,
1473 2007 1520 2036 ut
1548 2013 1673 2052 prae-

240 2072 411 2129 putium
444 2072 580 2113 carnis
611 2070 712 2129 ejus,
746 2089 793 2113 ac
831 2073 1000 2114 futurae
1030 2088 1077 2111 ex
1117 2087 1167 2111 eo
1198 2072 1360 2113 sobolis
1391 2071 1671 2114 circumcide-

241 2161 369 2191 retur.
441 2148 560 2199 „Erit
575 2147 621 2204 8)
654 2148 790 2199 enim,
827 2148 988 2204 inquit,
1026 2159 1323 2189 testamentum
1365 2165 1508 2190 meum
1545 2167 1673 2205 super

246 2243 417 2268 earnem
447 2230 604 2267 tuam.“
663 2224 859 2266 Hoccine
889 2236 998 2275 erat,
1040 2226 1158 2279 quod
1191 2226 1299 2267 coeli
1331 2243 1378 2268 ac
1407 2238 1544 2269 terrae
1574 2227 1671 2270 Do-

365 2379 409 2434 1)
440 2380 572 2421 Deest
629 2379 746 2430 „his“
775 2379 820 2421 in
853 2380 947 2420 cdd.
979 2379 1041 2422 Μ.

361 2450 408 2506 ²)
443 2449 597 2491 Genes.
626 2450 764 2499 XVII,
796 2451 936 2492 1—5.
1057 2450 1105 2505 ³)
1139 2451 1289 2493 Genes,
1325 2451 1462 2503 XVH,
1493 2453 1530 2495 7.
1552 2454 1614 2495 102

361 2518 408 2577 ⁴)
439 2521 570 2561 Deest
599 2525 797 2569 „meum“
830 2520 875 2561 in
907 2522 972 2562 ed.
1003 2521 1149 2563 Ruaei.
1330 2542 1341 2551 ·

366 2589 413 2646 ⁵)
443 2591 556 2632 Edd.
587 2589 785 2631 Merlini:
819 2590 993 2632 addidit.

365 2660 412 2716 6)
446 2660 599 2701 Genes.
629 2660 766 2710 XVII,
797 2662 863 2703 10.
895 2662 958 2702 11.

365 2730 410 2785 7)
439 2730 552 2772 Edd.
567 2730 760 2772 Merlini:
784 2742 822 2771 et
844 2731 1173 2775 circumcidetur
1195 2749 1293 2776 earo
1317 2732 1530 2789 praeputii
1543 2733 1675 2777 vestri,

368 2799 415 2855 ὃ)
449 2799 601 2845 Genes.
632 2800 771 2854 XVII,
805 2802 869 2845 13.
