1764 3096
253 105 336 149 198
849 99 1070 142 ΟιυῡΕΜε

257 214 420 265 adhuc,
459 225 505 256 ut
536 229 846 257 commemores
884 225 922 256 et
957 210 1153 264 „Isaac?“
1195 211 1416 268 Numquid
1453 212 1663 256 nesciebat

257 293 501 343 Abraham,
531 293 629 349 quia
659 292 768 334 filius
797 308 894 334 suus
922 291 993 333 ille
1025 288 1271 340 carissimus,
1299 289 1385 338 ille,
1413 305 1538 345 quem
1571 290 1664 331 dili-

255 371 392 422 gebat,
420 369 535 412 Isaac
566 367 815 412 vocaretur?
873 368 959 410 Sed
1000 384 1074 408 cur
1104 366 1188 408 hoc
1228 365 1398 407 additur
1426 365 1470 406 in
1500 378 1666 422 tempo-

256 445 332 487 re?
388 446 448 488 Ut
484 447 781 489 recordaretur
818 444 1059 494 Abraham,
1111 443 1209 500 quia
1247 443 1409 484 dixeras
1451 444 1504 484 ad
1550 459 1667 484 eum:

255 524 401 578 „quod
421 522 464 578 Ι>
493 522 538 565 in
567 523 683 565 Isaac
712 524 934 566 vocabitur
963 522 1039 564 tibi
1070 525 1253 570 semen,“
1284 531 1324 560 et
1348 521 1467 575 quod
1492 518 1533 560 in
1553 519 1668 561 Isaac

257 611 379 640 erunt
409 599 484 640 tibi
526 599 886 656 repromissiones.
953 599 1022 641 Fit
1059 611 1096 640 et
1136 595 1489 640 commemoratio
1528 595 1671 637 nomi·

255 675 344 725 nis,
393 688 439 717 ut
476 688 516 718 et
553 677 908 733 promissionum,
953 693 1061 732 quae
1101 676 1178 716 sub
1220 676 1302 715 hoc
1331 672 1509 714 nornine
1535 674 1670 714 sactae

257 763 376 802 sunt,
416 752 652 810 desperatio
682 755 840 795 subeat.
899 754 982 795 Sed
1013 753 1115 794 haec
1147 751 1314 802 omnia,
1361 751 1457 807 quia
1486 750 1673 792 tentabat

254 828 373 870 Deus
402 830 631 872 Abraham.

368 907 407 950 3.
439 907 558 963 Quid
588 920 683 963 post
712 907 847 949 haec?
897 909 1055 957 stade,
1079 908 1123 962 ²)
1164 905 1315 961 inquit,
1340 905 1383 946 in
1416 916 1571 945 terram
1603 920 1670 944 ex-

260 985 427 1034 celsam,
456 984 501 1027 in
520 1001 652 1026 unum
685 1000 731 1025 ex
761 984 991 1034 montibus,
1022 1000 1146 1040 quem
1170 983 1245 1023 tibi
1273 983 1512 1030 ostendero,
1544 991 1583 1021 et
1610 979 1670 1020 ibi

260 1077 356 1101 eum
389 1063 541 1102 offeres
571 1061 909 1101 holocaustum.“
975 1059 1204 1100 Intuemini
1241 1077 1315 1115 per
1345 1059 1530 1111 singula,
1562 1073 1670 1112 quo-

258 1138 392 1177 modo
434 1137 542 1179 fiunt
580 1135 821 1177 tentationis
861 1148 1095 1187 augmenta.
1150 1137 1295 1186 „Vade
1334 1137 1378 1178 in
1417 1147 1570 1176 terram
1604 1151 1671 1175 ex-

257 1215 451 1255 celsam.“
516 1211 740 1268 Numquid
788 1228 877 1253 non
925 1224 1125 1268 potuerat
1165 1213 1264 1254 duci
1301 1213 1419 1268 prius
1455 1213 1674 1253 Abraham

258 1307 355 1332 cum
386 1307 522 1346 puero
555 1291 609 1331 ad
636 1288 752 1331 illam
782 1300 938 1330 terram
971 1290 1187 1338 excelsam,
1218 1300 1258 1329 et
1285 1287 1453 1344 imponi
1481 1289 1598 1344 prius
1628 1288 1671 1329 in

256 1379 449 1410 montem
481 1383 780 1423 quemcunque
810 1366 1021 1418 delegerat
1050 1366 1286 1417 Dominus,
1332 1377 1372 1407 et
1400 1365 1460 1407 ibi
1491 1367 1544 1406 ad
1575 1382 1671 1407 eum

258 1445 356 1495 dici,
377 1457 423 1486 ut
445 1446 619 1486 offerret
636 1442 800 1485 filium?
830 1444 913 1485 Sed
933 1443 1050 1499 prius
1068 1443 1103 1483 ei
1119 1443 1285 1493 dicitur,
1303 1442 1400 1499 quia
1426 1444 1582 1484 offerre
1598 1446 1670 1483 de-

257 1523 357 1563 beat
382 1521 515 1563 filium
532 1538 670 1570 suum,
699 1533 736 1562 et
758 1532 858 1562 tunc
881 1519 1053 1578 jubetur
1071 1520 1132 1560 ire
1152 1518 1195 1559 in
1221 1531 1374 1560 terram
1396 1522 1612 1570 excelsam,
1634 1533 1673 1562 et

258 1599 514 1640 adscendere
543 1598 586 1639 in
616 1610 819 1640 montem.
881 1601 979 1660 Quo
1011 1599 1094 1640 hoc
1127 1596 1315 1653 spectat?
1359 1596 1419 1637 Ut
1449 1597 1550 1637 dum
1583 1614 1672 1638 am-

257 1676 390 1725 bulat,
424 1676 525 1716 dum
555 1675 633 1716 iter
663 1673 762 1727 agit,
800 1692 878 1731 per
915 1673 1187 1716 totam'viam
1220 1672 1546 1726 cogitationibus
1587 1673 1669 1715 dis-

259 1764 476 1809 cerpatur,
511 1764 558 1793 ut
596 1752 694 1793 hinc
724 1762 978 1808 perurgente
1007 1762 1262 1807 praecepto,
1301 1749 1400 1790 hinc
1430 1766 1526 1790 vero
1557 1750 1673 1792 unici

256 1831 413 1872 affectu
454 1829 699 1870 obluctante
736 1828 956 1870 crucietur.
1023 1828 1257 1884 Propterea
1304 1844 1401 1880 ergo
1452 1826 1576 1867 etiam
1607 1827 1671 1869 via

254 1904 510 1963 injungitur,
555 1905 678 1946 etiam
717 1906 876 1946 montis
917 1905 1160 1954 adscensio,
1201 1917 1249 1945 ut
1287 1904 1332 1945 in
1370 1903 1432 1945 his
1472 1902 1672 1946 omnibus

255 1982 438 2038 spatium
469 1981 710 2023 certaminis
738 1982 917 2037 accipiat
945 1984 1120 2023 affectus
1155 1993 1193 2022 et
1221 1982 1338 2029 fides,
1368 1996 1490 2021 amor
1518 1981 1603 2022 Dei
1635 1993 1674 2022 et

257 2077 380 2101 amor
411 2059 559 2109 carnis,
588 2058 871 2114 praesentium
903 2058 1029 2111 gratia
1063 2071 1102 2099 et
1133 2057 1382 2115 exspectatio
1413 2058 1672 2100 futurorum.

255 2136 439 2179 Mittitur
469 2151 568 2187 ergo
597 2136 641 2177 in
677 2146 830 2176 terram
865 2136 1095 2183 excelsam,
1128 2147 1166 2175 et
1193 2151 1282 2175 non
1313 2132 1466 2176 sufficit
1495 2133 1674 2188 patriar-

260 2214 362 2255 chae
391 2224 553 2253 tantum
587 2229 695 2267 opus
725 2212 918 2252 Domino
957 2224 1184 2268 peracturo
1225 2222 1335 2251 terra
1376 2211 1554 2260 excelsa,
1596 2211 1669 2252 sed

259 2299 300 2329 et
337 2298 529 2327 montem
566 2285 737 2343 jubetur
786 2288 1065 2337 adscendere,
1103 2287 1279 2336 scilicet,
1328 2297 1376 2326 ut
1413 2286 1498 2327 fide
1541 2288 1670 2330 elatus

257 2375 421 2404 terrena
455 2362 728 2418 derelinquat,
762 2377 800 2406 et
831 2367 882 2405 ad
914 2381 1096 2420 superna
1128 2363 1395 2404 conscendat.

371 2440 409 2481 4.
440 2440 714 2497 „Surrexit³)
746 2458 843 2494 ergo
876 2442 1090 2482 Abraham
1115 2458 1252 2490 mane,
1284 2453 1323 2481 et
1344 2439 1487 2482 stravit
1509 2439 1668 2482 asinam

259 2534 401 2567 suam,
438 2529 477 2558 et
516 2517 703 2559 concidit
742 2517 851 2569 ligna
884 2519 936 2559 ad
968 2518 1276 2559 holocaustum.
1343 2517 1397 2557 Et
1427 2517 1589 2574 accepit
1618 2518 1668 2557 fi-

377 2699 421 2752 ¹)
450 2699 599 2742 Genes.
628 2699 750 2748 XXI,
779 2700 842 2743 12.
886 2703 980 2742 coll.
1020 2702 1145 2743 Rom.
1178 2699 1264 2750 IX,
1294 2701 1331 2743 7.
1359 2699 1398 2742 8.
1429 2699 1561 2746 Hebr‚
1592 2698 1665 2748 XI,

259 2755 324 2798 18.
356 2756 420 2798 19.
453 2768 491 2796 et
523 2755 616 2797 Gal.
646 2755 720 2807 III,
747 2757 813 2799 16.

375 2824 420 2879 ²)
454 2825 539 2866 Csr.
570 2824 723 2870 Genes.
753 2824 892 2876 XXII,
922 2828 960 2868 ⁸2.
1078 2827 1125 2881 3)
1159 2826 1245 2868 Cfr.
1279 2826 1430 2868 Genes.
1466 2825 1606 2874 XXII,
1621 2826 1658 2868 3.
