1764 3096
270 118 353 160 110
872 115 1091 157 OmGENJs

270 228 413 287 paruit
443 228 572 270 arida.
635 228 688 270 Et
718 226 879 269 vocavit
910 228 1027 270 Deus
1059 227 1217 270 aridam
1245 237 1415 278 terram,
1447 238 1486 269 et
1517 243 1691 282 congre-

270 306 458 362 gationes
490 323 698 364 aquarum
728 304 891 347 vocavit
919 307 1091 347 maria.“
1151 305 1271 346 Sicut
1307 320 1407 358 ergo
1442 306 1560 347 arida
1589 306 1694 348 haec

269 396 480 437 segregata
512 401 534 425 a
563 401 606 426 se
639 400 761 439 aqua,
794 384 1160 438 quemadmodum
1179 381 1371 438 superius
1397 382 1590 430 diximus,
1626 384 1693 424 ul-

269 477 335 507 tra
362 480 452 505 nou
472 462 626 504 mansit
645 462 773 510 arida,
805 461 879 502 sed
906 458 989 518 jam
1007 473 1116 502 terra
1144 459 1415 502 nominatur:
1446 460 1531 501 hoc
1557 460 1695 501 modo

272 541 397 583 etiam
428 553 571 582 nostra
604 554 810 594 corpora,
850 537 883 579 si
921 539 1024 579 hacc
1058 525 1111 579 Mi
1141 538 1189 580 iis
1218 537 1446 591 segregatio
1478 539 1573 587 fiat,
1609 536 1696 594 jam

269 636 359 661 non
390 618 709 674 permanebunt
739 616 878 666 arida,
908 617 981 657 sed
1011 628 1122 658 terra
1153 616 1508 673 appellabuntur,
1549 631 1599 656 ex
1630 631 1696 663 eo,

272 697 390 752 quod
421 697 607 737 fructum
639 694 736 734 Deo
767 695 878 735 ferre
908 692 990 750 jam
1012 706 1227 750 poterunt.
1249 686 1498 748 ‘Quoniam
1521 692 1696 748 quidem

269 775 316 816 in
345 773 466 815 initio
498 772 617 814 Deus
644 773 813 814 coelum
845 771 962 820 fecit,
1002 783 1039 812 et
1069 784 1247 813 terram:
1284 780 1434 825 postea
1468 785 1568 810 vero
1599 769 1697 810 fecit

270 852 587 893 firmamentum
621 861 660 890 et
692 849 870 891 aridum.
937 848 991 890 Et
1020 849 1338 890 firmamentum
1370 847 1545 902 quidem
1569 862 1697 888 voca-

269 930 328 972 vit
358 930 550 977 coelum,
596 928 762 969 donans
798 927 836 968 ei
875 925 962 983 ejus
1003 927 1132 975 coeli,
1175 926 1295 981 quod
1343 938 1441 967 ante
1471 935 1696 985 creayerat,

270 1022 446 1048 nomen.
512 1003 693 1047 Aridam
732 1020 830 1045 vero
874 1003 1099 1060 appellavit
1129 1014 1310 1053 terram,
1349 1019 1429 1058 pro
1464 1019 1537 1052 eo,
1576 1001 1697 1058 quod

277 1084 314 1125 ei
357 1083 602 1124 facultatem
640 1082 918 1123 ferendorum
959 1083 1174 1122 fructuum
1213 1081 1449 1132 largiretur.
1520 1079 1567 1122 Si
1606 1078 1698 1134 quis

273 1177 372 1214 ergo
405 1178 480 1202 sua
513 1160 638 1215 culpa
669 1159 810 1201 aridus
842 1158 982 1200 adhuc
1012 1169 1177 1208 manet,
1223 1168 1262 1198 et
1300 1158 1487 1198 fructum
1528 1156 1697 1196 nullum

273 1241 408 1288 affert,
438 1238 514 1279 sed
541 1237 681 1292 spinas
713 1248 752 1277 et
780 1236 974 1285 tribulos,
1004 1236 1119 1276 velut
1148 1234 1253 1286 ignis
1285 1250 1395 1276 escas
1426 1249 1595 1285 gerens,
1633 1249 1698 1274 se-

273 1317 464 1357 cundum
496 1331 556 1363 ea,
588 1329 697 1369 quae
727 1329 775 1354 ex
805 1329 848 1354 se
877 1311 1069 1367 protulit,
1100 1312 1226 1353 etiam
1257 1312 1348 1366 ipse
1379 1327 1470 1352 esca
1501 1310 1608 1362 ignis
1638 1311 1698 1350 es-

269 1391 422 1435 ficitur.
501 1390 547 1433 Si
577 1406 677 1432 vero
708 1389 852 1431 studio
894 1402 935 1430 et
975 1388 1190 1442 diligentia
1227 1404 1302 1430 sua
1338 1387 1538 1443 separatis
1575 1403 1622 1428 ex
1657 1402 1702 1429 se

272 1470 391 1526 aquis
423 1467 570 1526 abyssi,
601 1466 674 1523 qui
702 1477 801 1509 sunt
830 1467 1285 1516 daemonum‘sensm,
1327 1465 1516 1508 exhibuit
1543 1481 1588 1506 se
1617 1476 1702 1506 ter-

272 1564 366 1588 ram
405 1544 689 1592 fructiferam,
731 1545 859 1586 debet
893 1559 1063 1600 sperare
1092 1524 1277 1594 similia,⁸
1305 1544 1424 1599 quod
1468 1541 1570 1598 et¹)
1609 1541 1701 1597 ipse

271 1624 571 1666 introducatur
602 1638 623 1662 a
655 1621 753 1661 Deo
784 1621 830 1662 in
859 1633 1014 1662 terram
1046 1621 1250 1662 fluentem
1280 1621 1345 1663 lac
1375 1632 1416 1661 et
1447 1621 1542 1661 mel.

326 1691 331 1698 ⁸
384 1700 423 1743 3.
451 1698 685 1739 Videamus
715 1709 854 1739 autem
887 1713 935 1738 ex
967 1697 1348 1753 consequentibus,
1381 1696 1454 1753 qui
1483 1708 1581 1738 sunt
1610 1697 1700 1737 fru-

275 1790 377 1828 ctus,
409 1793 515 1832 quos
545 1776 789 1831 producere
817 1775 936 1816 Deus
975 1773 1094 1831 jubet
1122 1786 1277 1815 terram
1309 1774 1470 1830 ipsam,
1514 1774 1581 1815 cui
1609 1775 1699 1828 ipse

274 1855 359 1896 hoc
388 1869 552 1894 nomen
581 1852 768 1893 indulsit.
825 1851 966 1907 „Et²)
997 1853 1113 1902 vidit,
1143 1851 1294 1907 inquit,
1325 1855 1457 1901 Deus,
1488 1850 1586 1907 quia
1617 1852 1700 1892 bo-

273 1947 380 1973 num
412 1942 482 1979 est,
513 1941 551 1970 et
582 1929 684 1998 diJit
712 1930 854 1971 Deus:
885 1929 1099 1985 producat
1128 1941 1239 1971 terra
1278 1929 1458 1970 herbam
1488 1928 1606 1969 foeni
1634 1944 1699 1970 se·

273 2024 374 2049 men
401 2006 647 2050 seminantis
677 2009 914 2048 secundum
946 2023 1089 2060 genus,
1121 2018 1161 2047 et
1189 2006 1426 2049 secundum
1456 2003 1699 2047 similitudi-

274 2102 395 2135 nem,
426 2097 466 2126 et
494 2084 654 2137 lignum
689 2084 955 2127 fructiferum
984 2081 1142 2126 faciens
1172 2086 1372 2133 fructum,
1407 2079 1526 2139 cujus
1555 2097 1701 2122 semen

277 2175 337 2205 est
364 2164 409 2204 in
438 2162 531 2218 ipso
560 2161 796 2203 secundum
826 2161 1150 2203 similitudinem
1180 2177 1309 2218 super
1336 2171 1504 2201 terram.
1554 2158 1612 2209 Et
1637 2159 1702 2199 fa-

278 2251 392 2281 ctum
423 2251 484 2281 est
511 2238 611 2280 sic.“
678 2239 927 2280 Secundum
957 2239 1124 2281 literam
1153 2236 1364 2281 manifesti
1400 2248 1498 2278 sunt
1525 2237 1700 2284 fructus,

278 2334 385 2373 quos
412 2328 524 2358 terra
553 2332 644 2358 non
677 2315 795 2357 arida
823 2316 1038 2370 producit.
1105 2306 1192 2359 8εᾶ
1220 2316 1375 2357 iterum
1406 2311 1699 2367 referamus3)

279 2397 334 2436 ad
363 2412 453 2437 nos.
524 2394 570 2435 Si
613 2392 700 2450 jam
745 2391 844 2434 sacti
873 2409 1019 2435 sumus
1050 2405 1183 2444 terra,
1227 2393 1262 2435 si
1301 2390 1385 2449 jam
1424 2408 1514 2432 non
1553 2407 1699 2432 sumus

217 2482 221 2485 ’
279 2471 417 2522 arida,
456 2472 683 2513 afferamus
711 2470 874 2513 fructus
910 2464 1061 2513 uberes
1102 2482 1140 2512 et
1181 2469 1366 2512 diversos
1406 2469 1527 2518 Deo,
1577 2478 1625 2508 ut
1663 2477 1701 2507 et

278 2566 357 2592 nos
386 2548 692 2591 benedicamur
723 2565 745 2590 a
776 2561 895 2604 patre
924 2548 1110 2591 dicente:
1153 2546 1339 2601 ‚‚ecce‘²)
1369 2547 1481 2588 odor
1512 2545 1588 2588 filii
1616 2543 1700 2584 mei

398 2732 442 2783 ¹}
477 2732 605 2771 Deest
634 2735 726 2779 ‚,et“
757 2732 798 2772 in
832 2732 924 2772 cdd.
958 2731 1018 2772 M.
1141 2731 1185 2786 2)
1220 2731 1370 2772 Genes.
1403 2731 1435 2781 Ῑ,
1465 2730 1529 2772 10.
1561 2727 1626 2769 11.

398 2804 443 2851 3)
475 2801 587 2842 ἷάἆ.
616 2800 810 2842 Merlini:
843 2804 1071 2843 reseramus
1104 2814 1139 2842 et
1172 2803 1223 2842 nd
1255 2818 1346 2842 nos.

398 2872 441 2923 ⁴)
473 2871 622 2911 Geni-s.
653 2869 831 2921 XXVII,
863 2873 928 2914 ’Ξῖ
