1764 3096
463 150 508 179 m
539 136 735 177 Gnursm
774 133 974 176 HommA
1000 134 1051 175 II.
1383 137 1463 181 131

46 251 250 293 inferiora
280 249 556 297 bicamerata,
602 257 642 287 et
669 246 935 287 tricamerata
966 245 1187 302 superiora
1216 245 1340 288 facies
1371 253 1458 289 ea.“

50 329 105 369 Et
135 339 234 383 post
262 341 394 382 pauca
413 323 548 366 addit:
576 322 702 377 ‚‚et¹)
729 322 840 373 fecit,
868 323 1019 378 inquit,
1044 323 1139 364 Noe
1164 321 1321 373 omnia,
1350 339 1458 379 quae

50 402 264 460 praecepit
293 401 330 443 ei
358 400 572 441 Dominus
602 399 742 449 Deus,
792 399 849 440 sic
889 399 1028 441 secit.“
1101 399 1250 441 Primo
1268 399 1314 455 2)
1356 415 1454 452 ergo

51 478 287 536 quaeritur,
333 477 500 532 qualem
544 486 738 531 oporteat
781 476 971 518 habitum
1000 475 1162 533 ipsum,
1204 488 1244 517 et
1272 478 1456 518 formam

50 572 170 597 arcae
197 554 381 606 intelligi.
451 552 592 607 Quam
634 567 710 604 ego
743 563 871 608 puto,
910 565 1116 609 quantum
1148 570 1194 595 ex
1226 553 1312 604 his,
1349 569 1456 608 quae

49 631 355 678 describuntur,
386 640 573 685 apparet,
604 641 788 685 quatuor
817 630 977 682 angulis
1007 631 1116 685 ex3)
1156 630 1244 672 imo
1282 645 1459 671 consur-

46 717 211 759 gentem
239 705 474 761 iisdemque
511 705 713 761 paulatim
753 723 886 762 usque
926 708 981 748 ad
1008 723 1225 748 summum
1252 706 1298 747 in
1329 722 1459 759 angu-

45 795 155 845 stum
187 782 387 833 attractis,
431 783 475 824 in
512 782 693 838 spatium
732 784 857 825 unius
897 784 1027 825 cubiti
1062 785 1188 826 fuisse
1226 784 1460 827 collectam.

45 860 116 902 Sic
146 859 258 900 enim
289 861 490 909 refertur,
523 860 641 915 quod
670 860 715 900 in
745 859 1030 902 fundamentis
1062 858 1149 917 ejus
1179 859 1355 901 trecenti
1385 875 1461 900 cu-

45 937 122 979 biti
161 937 206 977 in
251 936 584 988 longitudinem,
630 937 674 977 in
715 935 982 978 latitudinem
1019 952 1118 977 vero
1158 935 1462 993 quinquaginta

42 1014 124 1056 sint
151 1013 291 1069 positi,
320 1013 486 1064 triginta
517 1024 656 1054 autem
688 1013 733 1054 in
749 1012 795 1069 4)
826 1013 1091 1055 altitudinem
1114 1012 1334 1054 aedificati.
1374 1012 1461 1053 Sed

44 1091 222 1132 collecta
254 1088 370 1146 est5)
396 1090 439 1130 in
471 1105 672 1131 cacumen
705 1101 940 1142 angustum,
969 1090 1026 1132 ita
1056 1102 1102 1132 ut
1132 1089 1297 1131 cubitus
1317 1089 1369 1130 sit
1397 1089 1459 1130 la-

39 1165 250 1217 titudinis,
301 1178 340 1207 et
379 1166 652 1218 longitudinis
694 1165 792 1224 ejus.
863 1167 961 1207 Jam
1004 1183 1106 1208 vero
1134 1165 1382 1208 intrinsecus
1414 1180 1461 1206 ea

42 1244 228 1299 quidem,
260 1258 368 1298 quae
398 1243 599 1284 dicuntur
629 1241 715 1298 ejus
745 1243 971 1294 inferiora,
999 1244 1258 1285 bicamerata
1286 1258 1461 1298 ponun-

42 1333 125 1369 tur,
154 1319 198 1360 id
229 1330 288 1360 est
318 1318 623 1360 habitationem
662 1318 874 1374 duplicem
916 1320 1198 1362 continentia:
1239 1317 1461 1374 superiora

43 1411 143 1437 vero
173 1395 459 1444 tricamerata,
498 1394 628 1435 veluti
666 1395 700 1436 si
730 1395 920 1436 dicamus
951 1395 1190 1451 triplicibus
1220 1404 1461 1436 constructa

45 1471 295 1514 coenaculis.
355 1471 439 1512 Sed
465 1471 544 1512 hae
559 1471 871 1513 habitationum
887 1472 1174 1514 distinctiones
1204 1473 1258 1512 ad
1287 1471 1371 1511 hoc
1400 1471 1463 1511 fa-

46 1560 137 1590 ctae
168 1549 384 1597 videntur,
430 1558 475 1588 ut
514 1546 674 1588 secerni
713 1563 793 1602 per
819 1547 1001 1599 singulas
1030 1548 1270 1589 mansiones
1300 1546 1463 1587 diversa

45 1625 292 1667 animalium
323 1625 386 1664 vel
417 1622 644 1664 bestiarum
675 1638 827 1675 genera
857 1623 1020 1665 facilius
1049 1623 1236 1680 possint,
1267 1634 1306 1664 et
1333 1639 1356 1664 a
1387 1623 1462 1662 be·

42 1701 128 1744 stiis
157 1701 254 1742 seris
283 1711 500 1741 mansueta
529 1715 722 1755 quaeque
752 1709 793 1740 et
821 1699 970 1752 ignava
999 1699 1171 1757 sejungi.
1228 1699 1334 1742 Istae
1362 1714 1460 1751 ergo

45 1777 356 1819 habitationum
405 1776 675 1818 discretiones
731 1762 842 1818 nidi*
871 1777 1152 1833 appellantur.
1242 1774 1464 1830 Quadrata

45 1871 145 1896 vero
174 1855 288 1907 ligna
318 1853 444 1895 fuisse
474 1855 727 1903 referuntur,
754 1870 840 1910 quo
872 1864 912 1895 et
939 1852 1101 1904 facilius
1136 1853 1314 1894 alterum
1346 1851 1464 1893 alteri

46 1931 179 1988 possit
192 1931 238 1987 6>
270 1929 418 1986 aptari,
449 1942 488 1972 et
514 1930 752 1989 inundante
781 1929 940 1972 diluvio
976 1940 1089 1971 totus
1121 1944 1329 1984 aquarum
1358 1944 1464 1983 pro-

46 2007 263 2049 hiberetur
290 2005 505 2057 incursus,
551 2024 648 2048 cum
677 2006 927 2048 intrinsecus
966 2017 1005 2047 et
1042 2004 1293 2047 extrinsecus
1330 2003 1463 2046 oblita

46 2084 257 2126 bitumine
288 2082 484 2140 junctura
507 2084 759 2125 muniretur.
832 2082 1057 2124 Traditum
1099 2096 1203 2123 sane
1236 2080 1362 2123 nobis
1392 2092 1462 2130 est,

49 2171 91 2201 et
129 2175 220 2201 non
258 2160 419 2215 absque
448 2160 827 2210 verisimilitudine,
866 2157 1154 2213 inferiora‚⁷)
1192 2172 1300 2213 quae
1335 2173 1463 2213 supra

167 2284 211 2339 ¹)
243 2284 396 2332 Genes,
426 2285 497 2335 VI,
526 2286 593 2328 22.

166 2353 213 2407 2)
242 2352 339 2395 Huc
369 2366 527 2410 spectat
557 2357 841 2407 fragmentum
878 2355 985 2396 illud
1019 2369 1240 2407 graecum,
1276 2368 1298 2393 a
1332 2351 1464 2393 Mon-

55 2409 284 2452 tefalconio
317 2410 442 2452 Tom.
467 2411 497 2452 Ι.
527 2411 820 2477 Hexaplorum
846 2426 938 2467 pag.
953 2412 1020 2453 24.
1051 2410 1224 2461 editum,
1252 2408 1464 2464 textuique

54 2477 202 2506 nostro
232 2482 328 2522 pag.
358 2468 451 2510 100.
481 2483 594 2524 seqq.
624 2468 839 2509 insertum.

166 2533 213 2587 3)
243 2535 340 2578 Mss.
369 2553 443 2587 „ex
473 2538 560 2579 imo
596 2541 960 2589 consurgentem.“
1053 2534 1170 2578 Libri
1210 2533 1309 2577 editi
1337 2534 1397 2588 (v.
1430 2548 1461 2574 c,

56 2588 152 2631 edd.
183 2589 287 2645 Ma)
318 2608 394 2642 „ex
423 2610 511 2634 uno
545 2593 933 2647 consurgentibus.“
962 2592 1012 2633 R.

168 2657 214 2714 ⁴²)
244 2660 354 2703 Edd.
384 2662 577 2705 Merlini:
608 2664 653 2706 in
683 2663 903 2706 altitudine
941 2662 1159 2705 aedificati.

172 2729 216 2782 ⁵)
247 2729 521 2774 Desideratus
550 2708 660 2784 „cst“
688 2733 733 2775 in
764 2733 858 2774 edd.
890 2733 951 2774 M.

169 2798 216 2854 ⁵)
248 2799 357 2841 Edd.
387 2800 580 2844 Merlini:
610 2803 751 2858 possit.

174 2867 216 2922 7)
248 2868 357 2910 Edd.
390 2869 584 2912 Merlini:
614 2873 731 2925 quod
760 2870 960 2914 inferiora
998 2883 1072 2912 etc.

1051 2948 1079 2988 9
1100 2951 1116 2971 ς.
