1764 3096
449 105 498 135 m
529 91 727 133 Genesm
758 88 961 129 HommA
993 88 1101 130 VIII.
1398 95 1480 137 199

71 210 176 251 lium
205 222 327 250 suum
359 207 488 254 Isaac,
522 214 562 245 et
592 203 699 244 duos
728 218 911 256 pueros,
944 213 985 242 et
1013 200 1205 257 pervenit
1234 204 1287 242 ad
1319 203 1476 255 locum,

73 302 199 342 quem
237 285 395 324 dixerat
435 282 471 322 ei
511 280 651 327 Deus,
697 278 766 320 die
804 280 964 320 tertia.“
1030 279 1219 319 Surrexit
1261 281 1479 321 Abraham

72 379 206 404 mane.
266 359 399 412 Quod
430 356 593 398 addidit
628 361 821 405 „mane‚“
860 357 1082 398 ostendere
1118 356 1294 396 fortasse
1332 357 1478 397 voluit·

73 440 168 494 quia
197 435 362 478 initium
393 434 498 476 lucis
527 433 769 489 splenderet
804 433 848 473 in
888 435 1018 473 corde
1053 430 1152 489 ejus.
1219 433 1374 474 Stravit
1404 436 1481 474 asi-

70 533 166 556 nam
197 530 330 562 suam,
357 512 470 563 ligna
498 510 784 566 praeparavit,
818 511 1009 552 assumsit
1037 510 1186 552 filium.
1244 511 1343 552 Non
1375 511 1480 552 deli-

69 594 200 638 berat,
229 607 318 631 non
349 590 575 636 detractat,
610 604 699 628 non
731 586 1021 628 communicat
1060 606 1154 629 cum
1186 589 1274 629 ullo
1306 589 1479 630 homine

72 659 318 716 consilium,
345 666 419 707 sed
448 664 586 706 statim
618 674 801 719 occupat
830 663 917 705 iter.
977 664 1059 713 „Et
1087 666 1298 720 pervenit,
1329 667 1476 722 inquit,

71 747 121 785 ad
152 746 310 791 locum,
340 758 466 798 quem
498 742 658 783 dixerat
689 742 724 782 ei
746 740 971 789 Dominus,
1000 742 1069 782 die
1098 743 1256 784 tertia.“
1309 728 1478 784 Omitto

69 838 206 868 nune,
242 819 344 875 quid
381 818 633 860 sacramenti
662 817 879 859 contineat
915 817 1002 858 dies
1041 819 1182 859 tertia:
1228 820 1478 875 sapientiam

71 911 110 939 et
139 898 359 939 consilium
390 894 587 936 tentantis
615 895 796 936 intueor.
868 895 939 935 Sic
968 894 1012 934 in
1041 896 1239 950 proximo
1271 913 1359 937 non
1391 909 1478 938 erat

69 993 192 1017 mons
222 974 384 1030 aliquiS,
413 990 509 1013 cum
539 984 677 1013 totum
719 984 908 1024 ageretur
946 972 988 1012 in
1029 972 1269 1023 montibus,
1297 975 1372 1016 sed
1402 992 1478 1030 per

67 1054 254 1095 triduum
283 1053 364 1093 iter
391 1051 676 1106 protenditur,
712 1050 816 1104 ut¹)
848 1066 923 1105 per
951 1061 1089 1090 totum
1119 1052 1306 1092 triduum
1337 1069 1480 1092 recur-

68 1131 255 1173 santibus
287 1128 416 1177 curis,
457 1140 633 1182 paterna
679 1127 834 1168 viscera
866 1125 1127 1175 crucientur,
1172 1140 1213 1168 et
1245 1129 1363 1169 omni
1395 1129 1479 1169 hoc

68 1209 203 1264 spatio
242 1220 327 1248 tam
367 1205 532 1261 prolixo
572 1203 808 1244 intueretur
850 1204 984 1244 filiurn
1026 1216 1170 1259 pater,
1208 1205 1349 1246 cibum
1383 1223 1480 1246 cum

71 1300 121 1326 eo
160 1295 364 1331 sumeret,
410 1293 472 1322 tot
509 1280 706 1321 noctibus
746 1296 855 1335 puer
891 1282 1098 1333 penderet
1134 1282 1178 1322 in
1219 1283 1481 1339 amplexibus

70 1363 212 1418 patris,
238 1361 476 1401 inhaereret
512 1358 698 1413 pectori,
737 1358 940 1399 cubitaret
977 1359 1021 1399 in
1051 1358 1242 1411 gremio?
1302 1359 1411 1400 Vide
1440 1360 1485 1400 in

73 1451 276 1495 quantum
307 1436 480 1477 tentatio
513 1435 765 1476 cumulatur.
833 1435 975 1476 Tertia
1014 1448 1155 1477 tamen
1194 1436 1280 1477 dies
1317 1453 1486 1491 semper

72 1530 166 1571 apta
201 1515 248 1554 fit
285 1514 566 1556 sacramentis.
644 1513 752 1551 Nam
794 1525 833 1552 et
872 1515 1059 1567 populus
1101 1530 1198 1553 curn
1240 1513 1384 1554 exisset
1431 1516 1485 1554 de

75 1596 280 1649 Aegypta,
309 1592 427 1632 tertia
467 1591 536 1631 die
567 1591 693 1630 offert
723 1588 977 1630 sacrificium
1009 1589 1130 1639 Deo,
1160 1601 1199 1630 et
1226 1589 1268 1630 in
1303 1590 1371 1630 die
1401 1602 1483 1629 ter-

73 1673 126 1712 tia
156 1669 418 1725 purificatur.
486 1666 601 1722 Et2)
640 1667 890 1707 resurrectio
922 1665 1105 1707 Domini
1142 1666 1260 1707 tertia
1303 1679 1362 1708 est
1392 1668 1483 1708 die:

75 1761 112 1789 et
142 1748 271 1788 multa
305 1747 382 1786 alia
413 1745 520 1785 intra
553 1744 662 1785 hanc
693 1744 804 1785 diem
838 1742 1029 1802 mysteria
1061 1744 1389 1784 concluduntur.

184 1825 224 1866 5.
264 1821 613 1877 ‚,Res[›iciens,³)
652 1820 809 1876 inquit,
849 1820 1066 1860 Abraham
1107 1820 1209 1861 vidit
1248 1822 1392 1861 locum
1433 1824 1485 1862 de

74 1904 211 1954 longe,
242 1912 280 1941 et
310 1899 410 1940 dixit
439 1899 492 1938 ad
523 1915 678 1953 pueros
711 1915 831 1938 suos:
861 1899 1001 1938 sedete
1019 1897 1087 1938 hic
1120 1914 1216 1938 cum
1248 1897 1376 1945 asina,
1407 1913 1483 1948 egro

75 1993 211 2020 autem
245 1989 284 2017 et
311 1992 417 2031 puer
446 1975 601 2015 ibimus
631 1991 762 2029 usque
790 1975 913 2022 illuc,
954 1985 993 2014 et
1031 1990 1127 2014 cum
1158 1975 1487 2024 adoraverimus,

78 2067 335 2097 revertemur
372 2053 425 2092 ad
462 2058 574 2093 vos.“
631 2051 794 2091 Pueros
834 2050 1013 2090 dimittit.
1072 2051 1172 2090 Non
1213 2051 1324 2091 enim
1365 2063 1488 2106 pore-

76 2144 171 2173 rant
211 2131 467 2172 adscendere
504 2128 627 2184 pueri
666 2146 760 2169 cum
791 2127 1010 2169 Abraham
1048 2130 1102 2168 ad
1142 2128 1381 2169 holocausti
1422 2130 1487 2168 lo-

78 2227 197 2261 cum,
234 2224 361 2263 quem
401 2206 639 2248 ostenderat
676 2206 806 2247 Deus.
873 2205 985 2254 „Vos
1002 2203 1047 2259 ⁴)
1077 2221 1200 2258 ergo,
1236 2205 1396 2261 inquit,
1424 2223 1487 2248 se-

196 2355 239 2408 ¹)
270 2353 341 2394 Sic
379 2353 477 2394 Blss.
539 2351 647 2394 Alias
684 2352 744 2408 (v.
783 2369 816 2395 c.
845 2353 890 2393 in
922 2354 1020 2397 edd.
1050 2352 1157 2408 ῘΜ.);
1202 2363 1267 2402 „et
1306 2368 1383 2407 per
1418 2364 1486 2393 to-

81 2426 167 2455 tum
200 2438 254 2447 —
284 2411 439 2451 viscera
469 2408 731 2459 cruciantur,
768 2421 815 2450 ut
845 2409 964 2451 omni
1002 2411 1085 2451 hoc
1117 2409 1292 2464 spatio-‘⁶
1350 2408 1484 2449 Paulo

83 2480 176 2525 post
205 2468 330 2508 iidem
362 2467 487 2509 Mss.:
518 2477 607 2514 „tot
638 2465 835 2507 noctibus
865 2482 972 2522 puer
1001 2467 1232 2520 penderet“
1263 2475 1338 2506 etc.
1376 2465 1489 2505 Alias

82 2529 140 2581 (e.
172 2543 203 2565 c.
236 2524 277 2563 in
310 2524 404 2563 cdd.
437 2523 518 2577 M.)
549 2528 704 2577 „puer“
736 2525 890 2570 deerat,
920 2535 960 2563 et
981 2523 1227 2564 adverbium
1259 2526 1489 2576 ‚‚semper‚⁸‘

85 2582 198 2636 quod
233 2598 276 2620 ex
309 2580 404 2620 Mss.
436 2580 686 2620 restituimus
719 2578 760 2618 in
801 2579 958 2633 phrasi,
995 2596 1102 2634 quae
1141 2579 1251 2619 infra
1290 2578 1488 2618 habetur:

87 2636 251 2687 „Tertia
282 2648 419 2676 tamen
452 2638 538 2677 dies
566 2653 731 2689 semper
761 2647 856 2689 apta
887 2637 931 2676 fit
962 2633 1272 2676 sacramentis.“
1302 2633 1350 2674 R.

199 2706 244 2756 ²)
278 2705 384 2745 Edd.
416 2704 608 2745 merlini:
648 2705 700 2745 Et
733 2703 1049 2746 resurrectionis
1090 2703 1253 2744 domini
1283 2702 1402 2746 tertia
1436 2713 1491 2744 est

87 2763 191 2804 dies:
223 2772 260 2800 et
289 2762 419 2802 multa
451 2773 525 2801 etc.

202 2831 248 2884 ³)
281 2829 430 2872 Genes.
463 2829 600 2880 XXII,
630 2830 664 2872 4.
696 2832 734 2873 5.
856 2830 900 2882 ⁴²)
935 2830 1083 2872 Gencs.
1115 2828 1254 2880 XXII,
1283 2829 1322 2872 5.
