<?xml version="1.0" encoding="UTF-8"?>
<!DOCTYPE html PUBLIC "-//W3C//DTD XHTML 1.0 Transitional//EN"
    "http://www.w3.org/TR/xhtml1/DTD/xhtml1-transitional.dtd">
<html xmlns="http://www.w3.org/1999/xhtml" xml:lang="en" lang="en">
 <head>
  <title>
</title>
<meta http-equiv="Content-Type" content="text/html;charset=utf-8" />
  <meta name='ocr-system' content='tesseract 3.04.00' />
  <meta name='ocr-capabilities' content='ocr_page ocr_carea ocr_par ocr_line ocrx_word'/>
</head>
<body>
  <div class='ocr_page' id='page_1' title='image "./operaomniaquaegr08orig/operaomniaquaegr08orig_0249.png"; bbox 0 0 1764 3096; ppageno 0'>
   <div class='ocr_carea' id='block_1_1' title="bbox 464 91 1484 142">
    <p class='ocr_par' dir='ltr' id='par_1_1' title="bbox 464 91 1484 142">
     <span class='ocr_line' id='line_1_1' title="bbox 464 91 1484 142; baseline 0.006 -6"><span class='ocrx_word' id='word_1_1' title='bbox 464 105 511 136; x_wconf 78' lang='lat' dir='ltr'><strong>m</strong></span> <span class='ocrx_word' id='word_1_2' title='bbox 542 91 744 134; x_wconf 51' lang='lat' dir='ltr'><strong>Grau-:sm</strong></span> <span class='ocrx_word' id='word_1_3' title='bbox 773 92 973 136; x_wconf 68' lang='grc' dir='ltr'><strong>ΗοΜιιῙΑ</strong></span> <span class='ocrx_word' id='word_1_4' title='bbox 994 93 1091 136; x_wconf 88' lang='lat' dir='ltr'>XII.</span> <span class='ocrx_word' id='word_1_5' title='bbox 1400 98 1484 142; x_wconf 82' lang='lat'><strong>237</strong></span> 
     </span>
    </p>
   </div>
   <div class='ocr_carea' id='block_1_2' title="bbox 48 204 1484 2265">
    <p class='ocr_par' dir='ltr' id='par_1_2' title="bbox 48 204 1484 2265">
     <span class='ocr_line' id='line_1_2' title="bbox 79 204 1483 263; baseline 0.002 -13"><span class='ocrx_word' id='word_1_6' title='bbox 79 206 142 250; x_wconf 83' lang='lat' dir='ltr'><strong>sui</strong></span> <span class='ocrx_word' id='word_1_7' title='bbox 162 206 286 250; x_wconf 80' lang='lat' dir='ltr'><strong>Esau.</strong></span> <span class='ocrx_word' id='word_1_8' title='bbox 333 204 419 260; x_wconf 82' lang='lat' dir='ltr'><strong>Qui</strong></span> <span class='ocrx_word' id='word_1_9' title='bbox 437 204 548 246; x_wconf 86' lang='lat' dir='ltr'><strong>Esau</strong></span> <span class='ocrx_word' id='word_1_10' title='bbox 573 206 625 246; x_wconf 85' lang='lat' dir='ltr'><strong>de</strong></span> <span class='ocrx_word' id='word_1_11' title='bbox 643 216 765 245; x_wconf 87' lang='lat' dir='ltr'><strong>utero</strong></span> <span class='ocrx_word' id='word_1_12' title='bbox 793 204 937 247; x_wconf 84' lang='lat' dir='ltr'><strong>matris</strong></span> <span class='ocrx_word' id='word_1_13' title='bbox 956 222 1055 248; x_wconf 78' lang='lat' dir='ltr'><strong>suae</strong></span> <span class='ocrx_word' id='word_1_14' title='bbox 1077 207 1282 263; x_wconf 80' lang='lat' dir='ltr'><strong>processit</strong></span> <span class='ocrx_word' id='word_1_15' title='bbox 1301 207 1483 254; x_wconf 71' lang='lat' dir='ltr'><strong>hirsutus</strong></span> 
     </span>
     <span class='ocr_line' id='line_1_3' title="bbox 75 281 1484 340; baseline 0.001 -14"><span class='ocrx_word' id='word_1_16' title='bbox 75 296 188 326; x_wconf 83' lang='lat' dir='ltr'><strong>totus</strong></span> <span class='ocrx_word' id='word_1_17' title='bbox 210 296 409 338; x_wconf 83' lang='lat' dir='ltr'><strong>tanquam</strong></span> <span class='ocrx_word' id='word_1_18' title='bbox 443 281 576 338; x_wconf 84' lang='lat' dir='ltr'><strong>pellis,</strong></span> <span class='ocrx_word' id='word_1_19' title='bbox 608 282 744 322; x_wconf 87' lang='lat' dir='ltr'>Jacob</span> <span class='ocrx_word' id='word_1_20' title='bbox 772 294 910 323; x_wconf 86' lang='lat' dir='ltr'><strong>autem</strong></span> <span class='ocrx_word' id='word_1_21' title='bbox 932 283 1043 334; x_wconf 80' lang='lat' dir='ltr'><strong>levis,</strong></span> <span class='ocrx_word' id='word_1_22' title='bbox 1075 296 1113 325; x_wconf 90' lang='lat' dir='ltr'><strong>et</strong></span> <span class='ocrx_word' id='word_1_23' title='bbox 1128 285 1316 340; x_wconf 76' lang='lat' dir='ltr'><strong>simplex.</strong></span> <span class='ocrx_word' id='word_1_24' title='bbox 1354 286 1484 328; x_wconf 83' lang='lat' dir='ltr'><strong>Unde</strong></span> 
     </span>
     <span class='ocr_line' id='line_1_4' title="bbox 74 359 1481 415; baseline 0.003 -15"><span class='ocrx_word' id='word_1_25' title='bbox 74 371 113 400; x_wconf 87' lang='lat' dir='ltr'><strong>et</strong></span> <span class='ocrx_word' id='word_1_26' title='bbox 132 361 268 401; x_wconf 88' lang='lat' dir='ltr'><strong>Jacob</strong></span> <span class='ocrx_word' id='word_1_27' title='bbox 286 375 308 400; x_wconf 88' lang='lat' dir='ltr'>a</span> <span class='ocrx_word' id='word_1_28' title='bbox 326 359 528 400; x_wconf 85' lang='lat' dir='ltr'><strong>luctando</strong></span> <span class='ocrx_word' id='word_1_29' title='bbox 547 374 707 400; x_wconf 87' lang='lat' dir='ltr'><strong>nomen</strong></span> <span class='ocrx_word' id='word_1_30' title='bbox 730 360 906 415; x_wconf 80' lang='lat' dir='ltr'><strong>accepit.</strong></span> <span class='ocrx_word' id='word_1_31' title='bbox 951 360 1065 403; x_wconf 89' lang='lat' dir='ltr'><strong>Esau</strong></span> <span class='ocrx_word' id='word_1_32' title='bbox 1084 377 1198 411; x_wconf 89' lang='lat' dir='ltr'><strong>vero,</strong></span> <span class='ocrx_word' id='word_1_33' title='bbox 1213 386 1266 394; x_wconf 91' lang='lat'><strong>—</strong></span> <span class='ocrx_word' id='word_1_34' title='bbox 1284 374 1331 403; x_wconf 90' lang='lat' dir='ltr'><strong>ut</strong></span> <span class='ocrx_word' id='word_1_35' title='bbox 1351 363 1481 414; x_wconf 74' lang='lat' dir='ltr'><strong>aiunt,</strong></span> 
     </span>
     <span class='ocr_line' id='line_1_5' title="bbox 72 436 1481 492; baseline 0.004 -16"><span class='ocrx_word' id='word_1_36' title='bbox 72 436 145 492; x_wconf 84' lang='lat' dir='ltr'><strong>qui</strong></span> <span class='ocrx_word' id='word_1_37' title='bbox 177 436 372 478; x_wconf 85' lang='lat' dir='ltr'><strong>Hebraea</strong></span> <span class='ocrx_word' id='word_1_38' title='bbox 400 437 579 478; x_wconf 83' lang='lat' dir='ltr'><strong>nomina</strong></span> <span class='ocrx_word' id='word_1_39' title='bbox 608 436 939 490; x_wconf 79' lang='lat' dir='ltr'><strong>interpretantur</strong></span> <span class='ocrx_word' id='word_1_40' title='bbox 968 463 1034 487; x_wconf 91' lang='lat'><strong>—-,</strong></span> <span class='ocrx_word' id='word_1_41' title='bbox 1066 440 1129 479; x_wconf 89' lang='lat' dir='ltr'><strong>vel</strong></span> <span class='ocrx_word' id='word_1_42' title='bbox 1162 456 1184 480; x_wconf 92' lang='lat' dir='ltr'>a</span> <span class='ocrx_word' id='word_1_43' title='bbox 1214 440 1388 489; x_wconf 85' lang='lat' dir='ltr'>rubore,</span> <span class='ocrx_word' id='word_1_44' title='bbox 1417 442 1481 482; x_wconf 84' lang='lat' dir='ltr'><strong>vel</strong></span> 
     </span>
     <span class='ocr_line' id='line_1_6' title="bbox 71 513 1480 566; baseline 0.005 -12"><span class='ocrx_word' id='word_1_45' title='bbox 71 530 93 555; x_wconf 85' lang='lat' dir='ltr'>a</span> <span class='ocrx_word' id='word_1_46' title='bbox 122 525 244 563; x_wconf 79' lang='lat' dir='ltr'><strong>terra,</strong></span> <span class='ocrx_word' id='word_1_47' title='bbox 273 513 317 555; x_wconf 85' lang='lat' dir='ltr'><strong>id</strong></span> <span class='ocrx_word' id='word_1_48' title='bbox 351 527 420 563; x_wconf 87' lang='lat' dir='ltr'><strong>est,</strong></span> <span class='ocrx_word' id='word_1_49' title='bbox 450 515 626 563; x_wconf 87' lang='lat' dir='ltr'><strong>rubrus,</strong></span> <span class='ocrx_word' id='word_1_50' title='bbox 665 513 730 552; x_wconf 85' lang='lat' dir='ltr'><strong>vel</strong></span> <span class='ocrx_word' id='word_1_51' title='bbox 763 524 974 563; x_wconf 83' lang='lat' dir='ltr'><strong>terrenus,</strong></span> <span class='ocrx_word' id='word_1_52' title='bbox 1016 516 1105 566; x_wconf 89' lang='lat' dir='ltr'><strong>vel,</strong></span> <span class='ocrx_word' id='word_1_53' title='bbox 1150 528 1197 557; x_wconf 89' lang='lat' dir='ltr'><strong>ut</strong></span> <span class='ocrx_word' id='word_1_54' title='bbox 1227 518 1315 560; x_wconf 84' lang='lat' dir='ltr'><strong>aliis</strong></span> <span class='ocrx_word' id='word_1_55' title='bbox 1344 520 1480 561; x_wconf 87' lang='lat' dir='ltr'><strong>visum</strong></span> 
     </span>
     <span class='ocr_line' id='line_1_7' title="bbox 69 589 1482 650; baseline 0.004 -19"><span class='ocrx_word' id='word_1_56' title='bbox 69 603 148 640; x_wconf 87' lang='lat' dir='ltr'><strong>est,</strong></span> <span class='ocrx_word' id='word_1_57' title='bbox 185 591 347 631; x_wconf 79' lang='lat' dir='ltr'><strong>factura</strong></span> <span class='ocrx_word' id='word_1_58' title='bbox 385 591 520 632; x_wconf 83' lang='lat' dir='ltr'><strong>dictus</strong></span> <span class='ocrx_word' id='word_1_59' title='bbox 562 589 706 645; x_wconf 87' lang='lat' dir='ltr'><strong>esse¹)</strong></span> <span class='ocrx_word' id='word_1_60' title='bbox 745 589 920 633; x_wconf 81' lang='lat' dir='ltr'><strong>videtur.</strong></span> <span class='ocrx_word' id='word_1_61' title='bbox 993 593 1214 648; x_wconf 80' lang='lat' dir='ltr'><strong>Verum2)</strong></span> <span class='ocrx_word' id='word_1_62' title='bbox 1252 611 1361 650; x_wconf 76' lang='lat' dir='ltr'><strong>quae</strong></span> <span class='ocrx_word' id='word_1_63' title='bbox 1398 596 1482 637; x_wconf 87' lang='lat' dir='ltr'><strong>sint</strong></span> 
     </span>
     <span class='ocr_line' id='line_1_8' title="bbox 65 667 1482 726; baseline 0.005 -19"><span class='ocrx_word' id='word_1_64' title='bbox 65 667 181 708; x_wconf 82' lang='lat' dir='ltr'><strong>istius</strong></span> <span class='ocrx_word' id='word_1_65' title='bbox 210 667 430 710; x_wconf 75' lang='lat' dir='ltr'><strong>nativitatis</strong></span> <span class='ocrx_word' id='word_1_66' title='bbox 466 667 702 723; x_wconf 84' lang='lat' dir='ltr'><strong>privilegia,</strong></span> <span class='ocrx_word' id='word_1_67' title='bbox 749 683 824 707; x_wconf 91' lang='lat' dir='ltr'><strong>cur</strong></span> <span class='ocrx_word' id='word_1_68' title='bbox 864 679 1000 709; x_wconf 82' lang='lat' dir='ltr'><strong>autem</strong></span> <span class='ocrx_word' id='word_1_69' title='bbox 1041 670 1112 711; x_wconf 88' lang='lat' dir='ltr'><strong>ille</strong></span> <span class='ocrx_word' id='word_1_70' title='bbox 1150 672 1482 726; x_wconf 78' lang='lat' dir='ltr'><strong>supplantaverit</strong></span> 
     </span>
     <span class='ocr_line' id='line_1_9' title="bbox 66 745 1480 803; baseline 0.005 -19"><span class='ocrx_word' id='word_1_71' title='bbox 66 745 251 794; x_wconf 82' lang='lat' dir='ltr'><strong>fratrem,</strong></span> <span class='ocrx_word' id='word_1_72' title='bbox 284 756 323 785; x_wconf 88' lang='lat' dir='ltr'><strong>et</strong></span> <span class='ocrx_word' id='word_1_73' title='bbox 349 745 447 786; x_wconf 77' lang='lat' dir='ltr'><strong>levis</strong></span> <span class='ocrx_word' id='word_1_74' title='bbox 477 761 526 786; x_wconf 78' lang='lat' dir='ltr'><strong>ac</strong></span> <span class='ocrx_word' id='word_1_75' title='bbox 558 745 732 800; x_wconf 82' lang='lat' dir='ltr'><strong>simplex</strong></span> <span class='ocrx_word' id='word_1_76' title='bbox 764 756 885 786; x_wconf 84' lang='lat' dir='ltr'><strong>natus</strong></span> <span class='ocrx_word' id='word_1_77' title='bbox 916 746 989 795; x_wconf 84' lang='lat' dir='ltr'><strong>sit,</strong></span> <span class='ocrx_word' id='word_1_78' title='bbox 1034 763 1129 786; x_wconf 89' lang='lat' dir='ltr'><strong>cum</strong></span> <span class='ocrx_word' id='word_1_79' title='bbox 1164 747 1334 803; x_wconf 85' lang='lat' dir='ltr'><strong>utique,</strong></span> <span class='ocrx_word' id='word_1_80' title='bbox 1371 749 1480 791; x_wconf 87' lang='lat' dir='ltr'><strong>sicut</strong></span> 
     </span>
     <span class='ocr_line' id='line_1_10' title="bbox 64 820 1477 877; baseline 0.004 -16"><span class='ocrx_word' id='word_1_81' title='bbox 64 820 167 861; x_wconf 78' lang='lat' dir='ltr'><strong>dicit</strong></span> <span class='ocrx_word' id='word_1_82' title='bbox 195 821 500 877; x_wconf 77' lang='lat' dir='ltr'><strong>Apostolus,³)</strong></span> <span class='ocrx_word' id='word_1_83' title='bbox 532 838 577 862; x_wconf 78' lang='lat' dir='ltr'><strong>ex</strong></span> <span class='ocrx_word' id='word_1_84' title='bbox 606 837 693 862; x_wconf 90' lang='lat' dir='ltr'><strong>uno</strong></span> <span class='ocrx_word' id='word_1_85' title='bbox 724 820 851 862; x_wconf 79' lang='lat' dir='ltr'><strong>fuerit</strong></span> <span class='ocrx_word' id='word_1_86' title='bbox 878 820 994 861; x_wconf 77' lang='lat' dir='ltr'><strong>Isaac</strong></span> <span class='ocrx_word' id='word_1_87' title='bbox 1010 833 1130 877; x_wconf 80' lang='lat' dir='ltr'><strong>patre</strong></span> <span class='ocrx_word' id='word_1_88' title='bbox 1150 836 1297 865; x_wconf 90' lang='lat' dir='ltr'><strong>nostro</strong></span> <span class='ocrx_word' id='word_1_89' title='bbox 1324 826 1477 868; x_wconf 78' lang='lat' dir='ltr'><strong>utrius-</strong></span> 
     </span>
     <span class='ocr_line' id='line_1_11' title="bbox 64 897 1477 955; baseline 0.004 -17"><span class='ocrx_word' id='word_1_90' title='bbox 64 913 146 952; x_wconf 89' lang='lat' dir='ltr'><strong>que</strong></span> <span class='ocrx_word' id='word_1_91' title='bbox 171 897 246 939; x_wconf 81' lang='lat' dir='ltr'><strong>filii</strong></span> <span class='ocrx_word' id='word_1_92' title='bbox 277 910 519 955; x_wconf 88' lang='lat' dir='ltr'><strong>conceptus,</strong></span> <span class='ocrx_word' id='word_1_93' title='bbox 546 900 610 940; x_wconf 84' lang='lat' dir='ltr'><strong>vel</strong></span> <span class='ocrx_word' id='word_1_94' title='bbox 643 915 717 938; x_wconf 90' lang='lat' dir='ltr'><strong>cur</strong></span> <span class='ocrx_word' id='word_1_95' title='bbox 745 898 817 938; x_wconf 86' lang='lat' dir='ltr'><strong>ille</strong></span> <span class='ocrx_word' id='word_1_96' title='bbox 846 908 957 939; x_wconf 87' lang='lat' dir='ltr'><strong>totus</strong></span> <span class='ocrx_word' id='word_1_97' title='bbox 987 898 1169 941; x_wconf 87' lang='lat' dir='ltr'><strong>hirsutus</strong></span> <span class='ocrx_word' id='word_1_98' title='bbox 1200 912 1239 941; x_wconf 88' lang='lat' dir='ltr'><strong>et</strong></span> <span class='ocrx_word' id='word_1_99' title='bbox 1265 901 1477 953; x_wconf 87' lang='lat' dir='ltr'><strong>horridus,</strong></span> 
     </span>
     <span class='ocr_line' id='line_1_12' title="bbox 66 974 1477 1032; baseline 0.006 -19"><span class='ocrx_word' id='word_1_100' title='bbox 66 986 118 1024; x_wconf 85' lang='lat' dir='ltr'><strong>et,</strong></span> <span class='ocrx_word' id='word_1_101' title='bbox 152 985 201 1014; x_wconf 86' lang='lat' dir='ltr'><strong>ut</strong></span> <span class='ocrx_word' id='word_1_102' title='bbox 229 974 284 1015; x_wconf 84' lang='lat' dir='ltr'><strong>ita</strong></span> <span class='ocrx_word' id='word_1_103' title='bbox 316 975 478 1026; x_wconf 77' lang='lat' dir='ltr'><strong>dicam,</strong></span> <span class='ocrx_word' id='word_1_104' title='bbox 508 975 670 1032; x_wconf 83' lang='lat' dir='ltr'><strong>peccati</strong></span> <span class='ocrx_word' id='word_1_105' title='bbox 700 987 740 1016; x_wconf 87' lang='lat' dir='ltr'><strong>et</strong></span> <span class='ocrx_word' id='word_1_106' title='bbox 768 975 980 1031; x_wconf 79' lang='lat' dir='ltr'>nequitiae</span> <span class='ocrx_word' id='word_1_107' title='bbox 1009 978 1208 1032; x_wconf 65' lang='lat' dir='ltr'><strong>squalore</strong></span> <span class='ocrx_word' id='word_1_108' title='bbox 1240 978 1477 1022; x_wconf 81' lang='lat' dir='ltr'><strong>circumda-</strong></span> 
     </span>
     <span class='ocr_line' id='line_1_13' title="bbox 61 1052 1474 1100; baseline 0.004 -8"><span class='ocrx_word' id='word_1_109' title='bbox 61 1064 137 1100; x_wconf 90' lang='lat' dir='ltr'><strong>tus,</strong></span> <span class='ocrx_word' id='word_1_110' title='bbox 166 1068 257 1092; x_wconf 88' lang='lat' dir='ltr'><strong>non</strong></span> <span class='ocrx_word' id='word_1_111' title='bbox 287 1064 346 1093; x_wconf 87' lang='lat' dir='ltr'><strong>est</strong></span> <span class='ocrx_word' id='word_1_112' title='bbox 375 1068 518 1094; x_wconf 87' lang='lat' dir='ltr'><strong>meum</strong></span> <span class='ocrx_word' id='word_1_113' title='bbox 549 1053 768 1095; x_wconf 87' lang='lat' dir='ltr'><strong>discutere.</strong></span> <span class='ocrx_word' id='word_1_114' title='bbox 837 1052 883 1094; x_wconf 89' lang='lat' dir='ltr'><strong>Si</strong></span> <span class='ocrx_word' id='word_1_115' title='bbox 913 1052 1025 1094; x_wconf 84' lang='lat' dir='ltr'><strong>enim</strong></span> <span class='ocrx_word' id='word_1_116' title='bbox 1057 1056 1234 1096; x_wconf 80' lang='lat' dir='ltr'><strong>voluero</strong></span> <span class='ocrx_word' id='word_1_117' title='bbox 1267 1055 1311 1096; x_wconf 91' lang='lat' dir='ltr'><strong>in</strong></span> <span class='ocrx_word' id='word_1_118' title='bbox 1345 1058 1474 1099; x_wconf 79' lang='lat' dir='ltr'><strong>altum</strong></span> 
     </span>
     <span class='ocr_line' id='line_1_14' title="bbox 59 1129 1474 1186; baseline 0.004 -16"><span class='ocrx_word' id='word_1_119' title='bbox 59 1130 229 1179; x_wconf 84' lang='lat' dir='ltr'>fodere,</span> <span class='ocrx_word' id='word_1_120' title='bbox 271 1140 311 1170; x_wconf 85' lang='lat' dir='ltr'><strong>et</strong></span> <span class='ocrx_word' id='word_1_121' title='bbox 350 1146 485 1185; x_wconf 86' lang='lat' dir='ltr'><strong>aquae</strong></span> <span class='ocrx_word' id='word_1_122' title='bbox 522 1129 636 1171; x_wconf 82' lang='lat' dir='ltr'><strong>vivae</strong></span> <span class='ocrx_word' id='word_1_123' title='bbox 677 1132 848 1171; x_wconf 80' lang='lat' dir='ltr'><strong>latentes</strong></span> <span class='ocrx_word' id='word_1_124' title='bbox 887 1145 1012 1170; x_wconf 78' lang='lat' dir='ltr'><strong>venas</strong></span> <span class='ocrx_word' id='word_1_125' title='bbox 1050 1132 1237 1186; x_wconf 81' lang='lat' dir='ltr'><strong>aperire,</strong></span> <span class='ocrx_word' id='word_1_126' title='bbox 1267 1133 1474 1176; x_wconf 87' lang='lat' dir='ltr'><strong>continuo</strong></span> 
     </span>
     <span class='ocr_line' id='line_1_15' title="bbox 60 1206 1476 1259; baseline 0.004 -12"><span class='ocrx_word' id='word_1_127' title='bbox 60 1207 240 1248; x_wconf 85' lang='lat' dir='ltr'><strong>aderunt</strong></span> <span class='ocrx_word' id='word_1_128' title='bbox 268 1206 501 1256; x_wconf 78' lang='lat' dir='ltr'><strong>philistini,</strong></span> <span class='ocrx_word' id='word_1_129' title='bbox 548 1218 587 1248; x_wconf 87' lang='lat' dir='ltr'><strong>et</strong></span> <span class='ocrx_word' id='word_1_130' title='bbox 613 1206 836 1259; x_wconf 83' lang='lat' dir='ltr'><strong>litigabunt</strong></span> <span class='ocrx_word' id='word_1_131' title='bbox 865 1222 1056 1256; x_wconf 88' lang='lat' dir='ltr'><strong>mecum,</strong></span> <span class='ocrx_word' id='word_1_132' title='bbox 1096 1220 1136 1249; x_wconf 88' lang='lat' dir='ltr'><strong>et</strong></span> <span class='ocrx_word' id='word_1_133' title='bbox 1164 1209 1271 1251; x_wconf 75' lang='lat' dir='ltr'><strong>rixas</strong></span> <span class='ocrx_word' id='word_1_134' title='bbox 1300 1210 1406 1252; x_wconf 82' lang='lat' dir='ltr'><strong>mihi</strong></span> <span class='ocrx_word' id='word_1_135' title='bbox 1436 1224 1476 1253; x_wconf 88' lang='lat' dir='ltr'><strong>et</strong></span> 
     </span>
     <span class='ocr_line' id='line_1_16' title="bbox 60 1283 1476 1341; baseline 0.004 -17"><span class='ocrx_word' id='word_1_136' title='bbox 60 1284 288 1325; x_wconf 78' lang='lat' dir='ltr'><strong>calumnias</strong></span> <span class='ocrx_word' id='word_1_137' title='bbox 320 1285 666 1334; x_wconf 84' lang='lat' dir='ltr'><strong>commovebunt,</strong></span> <span class='ocrx_word' id='word_1_138' title='bbox 695 1295 734 1325; x_wconf 87' lang='lat' dir='ltr'><strong>et</strong></span> <span class='ocrx_word' id='word_1_139' title='bbox 761 1283 968 1340; x_wconf 77' lang='lat' dir='ltr'><strong>incipient</strong></span> <span class='ocrx_word' id='word_1_140' title='bbox 996 1286 1161 1341; x_wconf 89' lang='lat' dir='ltr'><strong>replere</strong></span> <span class='ocrx_word' id='word_1_141' title='bbox 1190 1298 1300 1328; x_wconf 84' lang='lat' dir='ltr'><strong>terra</strong></span> <span class='ocrx_word' id='word_1_142' title='bbox 1328 1305 1403 1330; x_wconf 86' lang='lat' dir='ltr'><strong>sua</strong></span> <span class='ocrx_word' id='word_1_143' title='bbox 1436 1300 1476 1330; x_wconf 86' lang='lat' dir='ltr'><strong>et</strong></span> 
     </span>
     <span class='ocr_line' id='line_1_17' title="bbox 56 1361 1473 1418; baseline 0.002 -15"><span class='ocrx_word' id='word_1_144' title='bbox 56 1363 148 1403; x_wconf 86' lang='lat' dir='ltr'><strong>luto</strong></span> <span class='ocrx_word' id='word_1_145' title='bbox 178 1373 328 1416; x_wconf 88' lang='lat' dir='ltr'><strong>puteos</strong></span> <span class='ocrx_word' id='word_1_146' title='bbox 360 1378 490 1403; x_wconf 88' lang='lat' dir='ltr'><strong>meos.</strong></span> <span class='ocrx_word' id='word_1_147' title='bbox 549 1363 656 1403; x_wconf 78' lang='lat' dir='ltr'><strong>Nam</strong></span> <span class='ocrx_word' id='word_1_148' title='bbox 688 1361 833 1418; x_wconf 82' lang='lat' dir='ltr'><strong>utique</strong></span> <span class='ocrx_word' id='word_1_149' title='bbox 862 1361 896 1402; x_wconf 86' lang='lat' dir='ltr'><strong>si</strong></span> <span class='ocrx_word' id='word_1_150' title='bbox 925 1361 1217 1417; x_wconf 78' lang='lat' dir='ltr'><strong>permitterent</strong></span> <span class='ocrx_word' id='word_1_151' title='bbox 1244 1364 1310 1406; x_wconf 85' lang='lat' dir='ltr'><strong>isti</strong></span> <span class='ocrx_word' id='word_1_152' title='bbox 1340 1365 1473 1406; x_wconf 85' lang='lat' dir='ltr'><strong>Phili-</strong></span> 
     </span>
     <span class='ocr_line' id='line_1_18' title="bbox 55 1438 1473 1498; baseline 0.003 -19"><span class='ocrx_word' id='word_1_153' title='bbox 55 1438 163 1486; x_wconf 81' lang='lat' dir='ltr'><strong>stini,</strong></span> <span class='ocrx_word' id='word_1_154' title='bbox 193 1449 232 1478; x_wconf 88' lang='lat' dir='ltr'><strong>et</strong></span> <span class='ocrx_word' id='word_1_155' title='bbox 267 1453 342 1489; x_wconf 83' lang='lat' dir='ltr'><strong>ego</strong></span> <span class='ocrx_word' id='word_1_156' title='bbox 385 1438 580 1478; x_wconf 81' lang='lat' dir='ltr'><strong>volebam</strong></span> <span class='ocrx_word' id='word_1_157' title='bbox 612 1439 815 1479; x_wconf 83' lang='lat' dir='ltr'><strong>accedere</strong></span> <span class='ocrx_word' id='word_1_158' title='bbox 852 1440 906 1480; x_wconf 79' lang='lat' dir='ltr'><strong>ad</strong></span> <span class='ocrx_word' id='word_1_159' title='bbox 936 1438 1176 1481; x_wconf 80' lang='lat' dir='ltr'><strong>Dominum</strong></span> <span class='ocrx_word' id='word_1_160' title='bbox 1213 1457 1357 1482; x_wconf 86' lang='lat' dir='ltr'><strong>meum</strong></span> <span class='ocrx_word' id='word_1_161' title='bbox 1396 1458 1473 1498; x_wconf 89' lang='lat' dir='ltr'><strong>pa-</strong></span> 
     </span>
     <span class='ocr_line' id='line_1_19' title="bbox 55 1514 1471 1571; baseline 0.001 -13"><span class='ocrx_word' id='word_1_162' title='bbox 55 1515 347 1558; x_wconf 83' lang='lat' dir='ltr'><strong>tientissimum</strong></span> <span class='ocrx_word' id='word_1_163' title='bbox 379 1515 537 1563; x_wconf 90' lang='lat' dir='ltr'><strong>Jesum,</strong></span> <span class='ocrx_word' id='word_1_164' title='bbox 570 1515 642 1570; x_wconf 88' lang='lat' dir='ltr'><strong>qui</strong></span> <span class='ocrx_word' id='word_1_165' title='bbox 675 1515 787 1565; x_wconf 86' lang='lat' dir='ltr'><strong>dicit,</strong></span> <span class='ocrx_word' id='word_1_166' title='bbox 817 1514 916 1570; x_wconf 77' lang='lat' dir='ltr'><strong>quia</strong></span> <span class='ocrx_word' id='word_1_167' title='bbox 947 1531 1051 1569; x_wconf 84' lang='lat' dir='ltr'><strong>„ego</strong></span> <span class='ocrx_word' id='word_1_168' title='bbox 1070 1514 1115 1571; x_wconf 73' lang='lat'><strong>4)</strong></span> <span class='ocrx_word' id='word_1_169' title='bbox 1144 1518 1384 1559; x_wconf 80' lang='lat' dir='ltr'><strong>venientem</strong></span> <span class='ocrx_word' id='word_1_170' title='bbox 1416 1520 1471 1560; x_wconf 82' lang='lat' dir='ltr'><strong>ad</strong></span> 
     </span>
     <span class='ocr_line' id='line_1_20' title="bbox 54 1592 1472 1647; baseline 0.003 -14"><span class='ocrx_word' id='word_1_171' title='bbox 54 1608 124 1634; x_wconf 89' lang='lat' dir='ltr'><strong>me</strong></span> <span class='ocrx_word' id='word_1_172' title='bbox 153 1609 242 1633; x_wconf 88' lang='lat' dir='ltr'><strong>non</strong></span> <span class='ocrx_word' id='word_1_173' title='bbox 274 1593 433 1647; x_wconf 89' lang='lat' dir='ltr'><strong>repello</strong></span> <span class='ocrx_word' id='word_1_174' title='bbox 448 1597 486 1632; x_wconf 86' lang='lat'><strong>:“</strong></span> <span class='ocrx_word' id='word_1_175' title='bbox 515 1593 711 1633; x_wconf 78' lang='lat' dir='ltr'><strong>volebam</strong></span> <span class='ocrx_word' id='word_1_176' title='bbox 743 1594 964 1642; x_wconf 80' lang='lat' dir='ltr'><strong>accedere,</strong></span> <span class='ocrx_word' id='word_1_177' title='bbox 1007 1604 1045 1633; x_wconf 87' lang='lat' dir='ltr'><strong>et</strong></span> <span class='ocrx_word' id='word_1_178' title='bbox 1073 1592 1181 1634; x_wconf 85' lang='lat' dir='ltr'><strong>sicut</strong></span> <span class='ocrx_word' id='word_1_179' title='bbox 1210 1594 1404 1636; x_wconf 79' lang='lat' dir='ltr'><strong>dixerunt</strong></span> <span class='ocrx_word' id='word_1_180' title='bbox 1434 1595 1472 1637; x_wconf 78' lang='lat' dir='ltr'><strong>ei</strong></span> 
     </span>
     <span class='ocr_line' id='line_1_21' title="bbox 56 1667 1471 1727; baseline 0.003 -17"><span class='ocrx_word' id='word_1_181' title='bbox 56 1668 273 1726; x_wconf 86' lang='lat' dir='ltr'><strong>discipuli:</strong></span> <span class='ocrx_word' id='word_1_182' title='bbox 324 1668 616 1723; x_wconf 79' lang='lat' dir='ltr'><strong>„Domine‚⁵)</strong></span> <span class='ocrx_word' id='word_1_183' title='bbox 657 1668 748 1724; x_wconf 87' lang='lat' dir='ltr'><strong>quis</strong></span> <span class='ocrx_word' id='word_1_184' title='bbox 792 1667 1012 1724; x_wconf 81' lang='lat' dir='ltr'><strong>peccavit?</strong></span> <span class='ocrx_word' id='word_1_185' title='bbox 1052 1668 1143 1720; x_wconf 81' lang='lat' dir='ltr'><strong>hic,</strong></span> <span class='ocrx_word' id='word_1_186' title='bbox 1183 1687 1236 1711; x_wconf 87' lang='lat' dir='ltr'><strong>an</strong></span> <span class='ocrx_word' id='word_1_187' title='bbox 1275 1683 1471 1727; x_wconf 81' lang='lat' dir='ltr'><strong>parentes</strong></span> 
     </span>
     <span class='ocr_line' id='line_1_22' title="bbox 56 1744 1470 1804; baseline 0.003 -17"><span class='ocrx_word' id='word_1_188' title='bbox 56 1745 155 1804; x_wconf 88' lang='lat' dir='ltr'><strong>ejus,</strong></span> <span class='ocrx_word' id='word_1_189' title='bbox 185 1758 232 1788; x_wconf 88' lang='lat' dir='ltr'><strong>ut</strong></span> <span class='ocrx_word' id='word_1_190' title='bbox 263 1762 409 1787; x_wconf 82' lang='lat' dir='ltr'><strong>caecus</strong></span> <span class='ocrx_word' id='word_1_191' title='bbox 438 1757 682 1788; x_wconf 80' lang='lat' dir='ltr'><strong>nasceretur</strong></span> <span class='ocrx_word' id='word_1_192' title='bbox 695 1744 741 1786; x_wconf 83' lang='lat'><strong>?“</strong></span> <span class='ocrx_word' id='word_1_193' title='bbox 783 1757 822 1787; x_wconf 88' lang='lat' dir='ltr'><strong>et</strong></span> <span class='ocrx_word' id='word_1_194' title='bbox 865 1762 940 1798; x_wconf 82' lang='lat' dir='ltr'><strong>ego</strong></span> <span class='ocrx_word' id='word_1_195' title='bbox 981 1747 1180 1788; x_wconf 84' lang='lat' dir='ltr'><strong>volebam</strong></span> <span class='ocrx_word' id='word_1_196' title='bbox 1208 1749 1470 1801; x_wconf 79' lang='lat' dir='ltr'><strong>interrogare</strong></span> 
     </span>
     <span class='ocr_line' id='line_1_23' title="bbox 54 1822 1470 1881; baseline 0.002 -17"><span class='ocrx_word' id='word_1_197' title='bbox 54 1839 164 1873; x_wconf 88' lang='lat' dir='ltr'><strong>eum,</strong></span> <span class='ocrx_word' id='word_1_198' title='bbox 195 1835 234 1865; x_wconf 88' lang='lat' dir='ltr'><strong>et</strong></span> <span class='ocrx_word' id='word_1_199' title='bbox 264 1823 424 1865; x_wconf 82' lang='lat' dir='ltr'><strong>dicere:</strong></span> <span class='ocrx_word' id='word_1_200' title='bbox 455 1823 661 1874; x_wconf 83' lang='lat' dir='ltr'><strong>Domine,</strong></span> <span class='ocrx_word' id='word_1_201' title='bbox 691 1823 782 1879; x_wconf 89' lang='lat' dir='ltr'><strong>quis</strong></span> <span class='ocrx_word' id='word_1_202' title='bbox 812 1822 1015 1878; x_wconf 86' lang='lat' dir='ltr'><strong>peccavit,</strong></span> <span class='ocrx_word' id='word_1_203' title='bbox 1045 1824 1113 1865; x_wconf 84' lang='lat' dir='ltr'><strong>hie</strong></span> <span class='ocrx_word' id='word_1_204' title='bbox 1141 1825 1279 1876; x_wconf 76' lang='lat' dir='ltr'><strong>Esau,</strong></span> <span class='ocrx_word' id='word_1_205' title='bbox 1309 1842 1362 1867; x_wconf 86' lang='lat' dir='ltr'><strong>an</strong></span> <span class='ocrx_word' id='word_1_206' title='bbox 1393 1843 1470 1881; x_wconf 80' lang='lat' dir='ltr'><strong>pa-</strong></span> 
     </span>
     <span class='ocr_line' id='line_1_24' title="bbox 50 1899 1469 1956; baseline 0.002 -16"><span class='ocrx_word' id='word_1_207' title='bbox 50 1912 187 1942; x_wconf 88' lang='lat' dir='ltr'><strong>rentes</strong></span> <span class='ocrx_word' id='word_1_208' title='bbox 212 1899 312 1956; x_wconf 86' lang='lat' dir='ltr'><strong>ejus,</strong></span> <span class='ocrx_word' id='word_1_209' title='bbox 339 1912 387 1941; x_wconf 87' lang='lat' dir='ltr'><strong>ut</strong></span> <span class='ocrx_word' id='word_1_210' title='bbox 414 1900 464 1942; x_wconf 88' lang='lat' dir='ltr'><strong>sit</strong></span> <span class='ocrx_word' id='word_1_211' title='bbox 481 1899 527 1956; x_wconf 74' lang='lat'><strong>⁶)</strong></span> <span class='ocrx_word' id='word_1_212' title='bbox 557 1911 671 1941; x_wconf 86' lang='lat' dir='ltr'><strong>totus</strong></span> <span class='ocrx_word' id='word_1_213' title='bbox 699 1900 895 1950; x_wconf 82' lang='lat' dir='ltr'><strong>hirsutus,</strong></span> <span class='ocrx_word' id='word_1_214' title='bbox 926 1911 966 1941; x_wconf 89' lang='lat' dir='ltr'><strong>et</strong></span> <span class='ocrx_word' id='word_1_215' title='bbox 995 1900 1196 1943; x_wconf 85' lang='lat' dir='ltr'><strong>horridus</strong></span> <span class='ocrx_word' id='word_1_216' title='bbox 1214 1914 1469 1953; x_wconf 80' lang='lat' dir='ltr'><strong>nasceretur,</strong></span> 
     </span>
     <span class='ocr_line' id='line_1_25' title="bbox 50 1976 1468 2032; baseline 0.003 -16"><span class='ocrx_word' id='word_1_217' title='bbox 50 1988 99 2017; x_wconf 87' lang='lat' dir='ltr'><strong>ut</strong></span> <span class='ocrx_word' id='word_1_218' title='bbox 127 1976 173 2016; x_wconf 89' lang='lat' dir='ltr'><strong>in</strong></span> <span class='ocrx_word' id='word_1_219' title='bbox 203 1988 322 2017; x_wconf 86' lang='lat' dir='ltr'><strong>utero</strong></span> <span class='ocrx_word' id='word_1_220' title='bbox 354 1977 698 2032; x_wconf 80' lang='lat' dir='ltr'><strong>supplantaretur</strong></span> <span class='ocrx_word' id='word_1_221' title='bbox 728 1994 748 2018; x_wconf 81' lang='lat' dir='ltr'>a</span> <span class='ocrx_word' id='word_1_222' title='bbox 780 1976 940 2017; x_wconf 83' lang='lat' dir='ltr'><strong>fratre?</strong></span> <span class='ocrx_word' id='word_1_223' title='bbox 1001 1977 1087 2018; x_wconf 77' lang='lat' dir='ltr'><strong>Sed</strong></span> <span class='ocrx_word' id='word_1_224' title='bbox 1124 1977 1158 2019; x_wconf 83' lang='lat' dir='ltr'><strong>si</strong></span> <span class='ocrx_word' id='word_1_225' title='bbox 1194 1980 1370 2019; x_wconf 86' lang='lat' dir='ltr'><strong>voluero</strong></span> <span class='ocrx_word' id='word_1_226' title='bbox 1401 1978 1468 2020; x_wconf 88' lang='lat' dir='ltr'><strong>in-</strong></span> 
     </span>
     <span class='ocr_line' id='line_1_26' title="bbox 51 2052 1469 2108; baseline 0.002 -14"><span class='ocrx_word' id='word_1_227' title='bbox 51 2065 267 2104; x_wconf 78' lang='lat' dir='ltr'><strong>terrogare</strong></span> <span class='ocrx_word' id='word_1_228' title='bbox 299 2054 350 2094; x_wconf 85' lang='lat' dir='ltr'><strong>de</strong></span> <span class='ocrx_word' id='word_1_229' title='bbox 380 2053 442 2094; x_wconf 90' lang='lat' dir='ltr'><strong>his</strong></span> <span class='ocrx_word' id='word_1_230' title='bbox 472 2054 647 2094; x_wconf 84' lang='lat' dir='ltr'><strong>verbum</strong></span> <span class='ocrx_word' id='word_1_231' title='bbox 678 2053 773 2102; x_wconf 85' lang='lat' dir='ltr'><strong>Dei,</strong></span> <span class='ocrx_word' id='word_1_232' title='bbox 806 2065 845 2094; x_wconf 88' lang='lat' dir='ltr'><strong>et</strong></span> <span class='ocrx_word' id='word_1_233' title='bbox 864 2052 1090 2108; x_wconf 84' lang='lat' dir='ltr'><strong>inquirere,</strong></span> <span class='ocrx_word' id='word_1_234' title='bbox 1118 2055 1256 2097; x_wconf 83' lang='lat' dir='ltr'><strong>statim</strong></span> <span class='ocrx_word' id='word_1_235' title='bbox 1286 2055 1391 2095; x_wconf 87' lang='lat' dir='ltr'><strong>mihi</strong></span> <span class='ocrx_word' id='word_1_236' title='bbox 1417 2057 1469 2097; x_wconf 80' lang='lat' dir='ltr'><strong>li-</strong></span> 
     </span>
     <span class='ocr_line' id='line_1_27' title="bbox 48 2129 1465 2179; baseline 0.001 -8"><span class='ocrx_word' id='word_1_237' title='bbox 48 2141 108 2171; x_wconf 83' lang='lat' dir='ltr'><strong>tes</strong></span> <span class='ocrx_word' id='word_1_238' title='bbox 138 2129 373 2179; x_wconf 78' lang='lat' dir='ltr'><strong>philistini,</strong></span> <span class='ocrx_word' id='word_1_239' title='bbox 415 2141 453 2170; x_wconf 92' lang='lat' dir='ltr'><strong>et</strong></span> <span class='ocrx_word' id='word_1_240' title='bbox 493 2129 722 2171; x_wconf 80' lang='lat' dir='ltr'><strong>calumnias</strong></span> <span class='ocrx_word' id='word_1_241' title='bbox 760 2141 944 2171; x_wconf 80' lang='lat' dir='ltr'><strong>movent.</strong></span> <span class='ocrx_word' id='word_1_242' title='bbox 1016 2130 1072 2170; x_wconf 88' lang='lat' dir='ltr'><strong>Et</strong></span> <span class='ocrx_word' id='word_1_243' title='bbox 1100 2130 1198 2171; x_wconf 87' lang='lat' dir='ltr'><strong>ideo</strong></span> <span class='ocrx_word' id='word_1_244' title='bbox 1228 2149 1308 2173; x_wconf 91' lang='lat' dir='ltr'><strong>nos</strong></span> <span class='ocrx_word' id='word_1_245' title='bbox 1338 2132 1465 2173; x_wconf 83' lang='lat' dir='ltr'><strong>relin-</strong></span> 
     </span>
     <span class='ocr_line' id='line_1_28' title="bbox 49 2206 1464 2265; baseline 0.003 -19"><span class='ocrx_word' id='word_1_246' title='bbox 49 2217 220 2262; x_wconf 88' lang='lat' dir='ltr'><strong>quentes</strong></span> <span class='ocrx_word' id='word_1_247' title='bbox 251 2206 365 2247; x_wconf 88' lang='lat' dir='ltr'><strong>hunc</strong></span> <span class='ocrx_word' id='word_1_248' title='bbox 386 2218 575 2262; x_wconf 87' lang='lat' dir='ltr'><strong>puteum,</strong></span> <span class='ocrx_word' id='word_1_249' title='bbox 602 2218 641 2248; x_wconf 90' lang='lat' dir='ltr'><strong>et</strong></span> <span class='ocrx_word' id='word_1_250' title='bbox 660 2218 857 2249; x_wconf 80' lang='lat' dir='ltr'><strong>vocantes</strong></span> <span class='ocrx_word' id='word_1_251' title='bbox 876 2223 971 2248; x_wconf 89' lang='lat' dir='ltr'><strong>eum</strong></span> <span class='ocrx_word' id='word_1_252' title='bbox 994 2207 1243 2259; x_wconf 84' lang='lat' dir='ltr'><strong>inimicitias,</strong></span> <span class='ocrx_word' id='word_1_253' title='bbox 1259 2207 1304 2265; x_wconf 82' lang='lat'><strong>⁷)</strong></span> <span class='ocrx_word' id='word_1_254' title='bbox 1335 2209 1464 2250; x_wconf 83' lang='lat' dir='ltr'><strong>alium</strong></span> 
     </span>
    </p>
   </div>
   <div class='ocr_carea' id='block_1_3' title="bbox 47 2283 271 2325">
    <p class='ocr_par' dir='ltr' id='par_1_3' title="bbox 47 2283 271 2325">
     <span class='ocr_line' id='line_1_29' title="bbox 47 2283 271 2325; baseline 0.009 -2"><span class='ocrx_word' id='word_1_255' title='bbox 47 2283 271 2325; x_wconf 81' lang='lat' dir='ltr'><strong>fodiamus.</strong></span> 
     </span>
    </p>
   </div>
   <div class='ocr_carea' id='block_1_4' title="bbox 47 2492 1465 2661">
    <p class='ocr_par' dir='ltr' id='par_1_4' title="bbox 47 2492 1465 2661">
     <span class='ocr_line' id='line_1_30' title="bbox 163 2492 827 2543; baseline 0.008 -11"><span class='ocrx_word' id='word_1_256' title='bbox 163 2492 207 2543; x_wconf 51' lang='grc' dir='ltr'><strong>ἱ)</strong></span> <span class='ocrx_word' id='word_1_257' title='bbox 237 2493 368 2535; x_wconf 87' lang='lat' dir='ltr'><strong>Deest</strong></span> <span class='ocrx_word' id='word_1_258' title='bbox 397 2497 534 2542; x_wconf 87' lang='lat' dir='ltr'><strong>„esse“</strong></span> <span class='ocrx_word' id='word_1_259' title='bbox 564 2494 608 2535; x_wconf 88' lang='lat' dir='ltr'><strong>in</strong></span> <span class='ocrx_word' id='word_1_260' title='bbox 642 2495 735 2534; x_wconf 90' lang='lat' dir='ltr'><strong>edd.</strong></span> <span class='ocrx_word' id='word_1_261' title='bbox 768 2493 827 2537; x_wconf 87' lang='lat' dir='ltr'><strong>M.</strong></span> 
     </span>
     <span class='ocr_line' id='line_1_31' title="bbox 159 2562 1465 2621; baseline 0.005 -18"><span class='ocrx_word' id='word_1_262' title='bbox 159 2562 206 2617; x_wconf 79' lang='lat'><strong>²)</strong></span> <span class='ocrx_word' id='word_1_263' title='bbox 237 2563 348 2605; x_wconf 87' lang='lat' dir='ltr'><strong>Edd.</strong></span> <span class='ocrx_word' id='word_1_264' title='bbox 387 2562 580 2604; x_wconf 84' lang='lat' dir='ltr'><strong>Merlini:</strong></span> <span class='ocrx_word' id='word_1_265' title='bbox 629 2563 789 2606; x_wconf 84' lang='lat' dir='ltr'><strong>Verum</strong></span> <span class='ocrx_word' id='word_1_266' title='bbox 844 2580 950 2620; x_wconf 81' lang='lat' dir='ltr'><strong>quae</strong></span> <span class='ocrx_word' id='word_1_267' title='bbox 990 2575 1087 2606; x_wconf 85' lang='lat' dir='ltr'><strong>sunt</strong></span> <span class='ocrx_word' id='word_1_268' title='bbox 1127 2589 1178 2596; x_wconf 94' lang='lat'>—</span> <span class='ocrx_word' id='word_1_269' title='bbox 1217 2565 1465 2621; x_wconf 77' lang='lat' dir='ltr'><strong>privilegia?</strong></span> 
     </span>
     <span class='ocr_line' id='line_1_32' title="bbox 47 2617 413 2661; baseline 0.003 -1"><span class='ocrx_word' id='word_1_270' title='bbox 47 2617 135 2660; x_wconf 84' lang='lat' dir='ltr'><strong>Cur</strong></span> <span class='ocrx_word' id='word_1_271' title='bbox 166 2631 304 2660; x_wconf 82' lang='lat' dir='ltr'><strong>autern</strong></span> <span class='ocrx_word' id='word_1_272' title='bbox 337 2631 413 2661; x_wconf 89' lang='lat' dir='ltr'><strong>etc.</strong></span> 
     </span>
    </p>
   </div>
   <div class='ocr_carea' id='block_1_5' title="bbox 158 2687 1302 2883">
    <p class='ocr_par' dir='ltr' id='par_1_5' title="bbox 158 2687 1302 2883">
     <span class='ocr_line' id='line_1_33' title="bbox 160 2687 1220 2746; baseline 0.003 -17"><span class='ocrx_word' id='word_1_273' title='bbox 160 2689 206 2742; x_wconf 81' lang='lat'><strong>³)</strong></span> <span class='ocrx_word' id='word_1_274' title='bbox 236 2687 361 2731; x_wconf 82' lang='lat' dir='ltr'><strong>Rom.</strong></span> <span class='ocrx_word' id='word_1_275' title='bbox 390 2690 468 2740; x_wconf 91' lang='lat' dir='ltr'><strong>IX,</strong></span> <span class='ocrx_word' id='word_1_276' title='bbox 498 2690 563 2731; x_wconf 83' lang='grc'><strong>10.</strong></span> <span class='ocrx_word' id='word_1_277' title='bbox 681 2689 726 2746; x_wconf 81' lang='lat'><strong>⁴²)</strong></span> <span class='ocrx_word' id='word_1_278' title='bbox 757 2691 831 2733; x_wconf 86' lang='lat' dir='ltr'><strong>Ev.</strong></span> <span class='ocrx_word' id='word_1_279' title='bbox 861 2692 1021 2734; x_wconf 82' lang='lat' dir='ltr'><strong>Joann.</strong></span> <span class='ocrx_word' id='word_1_280' title='bbox 1055 2691 1124 2741; x_wconf 86' lang='lat' dir='ltr'><strong>VI,</strong></span> <span class='ocrx_word' id='word_1_281' title='bbox 1154 2691 1220 2734; x_wconf 83' lang='lat'><strong>37.</strong></span> 
     </span>
     <span class='ocr_line' id='line_1_34' title="bbox 160 2757 1302 2816; baseline 0.004 -19"><span class='ocrx_word' id='word_1_282' title='bbox 160 2757 205 2811; x_wconf 80' lang='lat'><strong>⁵)</strong></span> <span class='ocrx_word' id='word_1_283' title='bbox 234 2757 310 2799; x_wconf 87' lang='lat' dir='ltr'><strong>Ev.</strong></span> <span class='ocrx_word' id='word_1_284' title='bbox 344 2759 501 2801; x_wconf 83' lang='lat' dir='ltr'><strong>Joann.</strong></span> <span class='ocrx_word' id='word_1_285' title='bbox 532 2759 608 2810; x_wconf 87' lang='lat' dir='ltr'><strong>IX,</strong></span> <span class='ocrx_word' id='word_1_286' title='bbox 630 2762 668 2803; x_wconf 85' lang='lat'><strong>2.</strong></span> <span class='ocrx_word' id='word_1_287' title='bbox 786 2760 832 2816; x_wconf 77' lang='lat'><strong>⁶)</strong></span> <span class='ocrx_word' id='word_1_288' title='bbox 863 2761 973 2806; x_wconf 83' lang='lat' dir='ltr'><strong>Edd.</strong></span> <span class='ocrx_word' id='word_1_289' title='bbox 1006 2760 1202 2805; x_wconf 83' lang='lat' dir='ltr'><strong>Merlini:</strong></span> <span class='ocrx_word' id='word_1_290' title='bbox 1232 2759 1302 2803; x_wconf 81' lang='lat' dir='ltr'><strong>sic.</strong></span> 
     </span>
     <span class='ocr_line' id='line_1_35' title="bbox 158 2827 879 2883; baseline 0.007 -13"><span class='ocrx_word' id='word_1_291' title='bbox 158 2827 204 2883; x_wconf 87' lang='lat'><strong>⁷)</strong></span> <span class='ocrx_word' id='word_1_292' title='bbox 235 2827 344 2871; x_wconf 86' lang='lat' dir='ltr'><strong>Edd.</strong></span> <span class='ocrx_word' id='word_1_293' title='bbox 373 2828 571 2872; x_wconf 83' lang='lat' dir='ltr'><strong>Merlini:</strong></span> <span class='ocrx_word' id='word_1_294' title='bbox 603 2829 879 2876; x_wconf 77' lang='lat' dir='ltr'><strong>inimicitiam.</strong></span> 
     </span>
    </p>
   </div>
  </div>
 </body>
</html>
