1764 3096
257 101 340 143 244
857 94 1075 137 omanus

258 210 368 260 retis,
399 208 503 266 quid
534 218 615 249 est:
644 205 977 247 misericordiam
1019 204 1145 251 vole,
1197 214 1233 244 et
1275 219 1365 245 non
1403 204 1676 247 sacrificium:

257 303 478 343 nunquam
508 285 655 340 utique
686 280 1040 325 condemnassetis
1072 281 1358 321 innocentes.“
1417 281 1502 323 Sed
1532 281 1593 322 illi
1623 283 1676 322 ad

258 367 362 407 hacc
393 364 496 420 quid
525 360 742 403 referunt?
802 358 937 400 Rixati
966 370 1063 400 sunt
1094 374 1189 398 cum
1220 358 1360 412 pueris
1392 357 1516 414 ejus(
1544 370 1581 399 et
1613 358 1677 399 di-

259 454 379 483 cunt:
409 438 588 493 „non¹)
627 449 688 478 est
717 437 785 477 hie
817 436 948 477 homo
982 453 1005 476 a
1044 435 1164 484 Deo,
1207 434 1280 490 qui
1320 436 1544 475 sabbatum
1586 451 1676 476 non

258 517 480 559 custodit.“
538 515 633 555 Hoc
666 529 763 565 ergo
796 514 927 554 modo
959 514 1068 556 [odit
1099 524 1250 568 puteos
1281 509 1422 560 Isaac,
1470 527 1576 566 quos
1608 512 1676 551 so-

256 597 409 636 dex-ant
437 592 559 649 pueri
590 591 720 647 patris
750 591 824 632 sui.
882 590 995 632 Puer
1026 590 1153 645 patris
1183 589 1246 630 sui
1279 599 1365 629 erat
1395 588 1561 636 Moses,
1604 586 1676 642 qui

255 673 422 712 foderat
459 681 637 725 puteum
679 669 792 720 legis.
861 667 989 708 Pueri
1025 661 1153 722 pati-is
1193 666 1257 707 sni
1301 676 1418 705 erant
1457 665 1597 705 David
1637 676 1677 704 et

255 750 487 796 Salomon,
520 759 558 787 et
586 745 842 801 prophetae,
887 756 926 785 et
957 745 989 785 si
1022 744 1094 799 qui
1126 743 1258 798 alii2)
1287 754 1407 790 sunt,
1440 740 1512 796 qui
1542 742 1675 782 libros

253 826 506 880 scripserant
537 822 682 864 veteris
712 820 959 871 testamenti,
991 837 1096 875 quos
1130 831 1295 860 terrena
1339 832 1377 860 ct
1406 818 1579 860 sordida
1611 835 1675 858 rc-

255 903 442 958 plcvcrat
472 899 746 952 intelligentia
777 900 1058 941 Judaeorum.
1119 897 1261 950 Quam
1295 913 1391 937 cum
1420 897 1543 936 vellet
1574 912 1675 950 pur-

253 995 351 1031 gare
381 978 516 1026 Isaac,
560 988 599 1017 ct
646 977 888 1024 ostendere,
935 974 1031 1029 quia
1073 989 1349 1028 quaecunque
1389 974 1454 1013 lex
1493 984 1532 1012 et
1571 988 1674 1027 pro-

253 1056 404 1112 phetae
436 1051 705 1105 dixerunt,³)
737 1051 790 1091 de
822 1052 915 1105 ipso
950 1051 1166 1098 dixerunt,
1211 1051 1329 1092 rixati
1367 1062 1462 1092 sunt
1493 1066 1589 1090 cum
1622 1065 1671 1090 co

251 1130 475 1172 philistini.
545 1129 630 1169 Sed
674 1128 850 1169 discedit
890 1127 942 1167 ab
982 1126 1043 1167 iis.
1119 1127 1218 1167 Non
1261 1127 1371 1167 enim
1410 1138 1549 1182 potest
1590 1143 1673 1168 csso

252 1225 348 1249 cum
379 1207 440 1255 iis,
473 1206 546 1262 qui
575 1206 618 1246 in
650 1204 785 1260 puteis
819 1203 976 1244 nolunt
1007 1219 1158 1259 aquam
1191 1204 1370 1251 habere,
1401 1205 1474 1244 sed
1505 1216 1671 1244 terram.

250 1286 307 1327 Et
337 1283 437 1325 dicit
464 1283 533 1325 iis:
563 1281 760 1337 ‚,ecce‚‘²)
802 1281 1066 1335 relinquetur
1103 1279 1222 1319 vobis
1254 1279 1407 1320 domus
1436 1291 1569 1321 vestra
1601 1282 1673 1321 de-

249 1366 397 1404 serta.“
475 1360 607 1401 Fodit
657 1374 755 1410 ergo
794 1357 909 1398 Isaac
953 1368 993 1396 et
1034 1372 1169 1397 novos
1207 1368 1381 1411 puteos,
1419 1355 1507 1397 imo
1549 1359 1672 1413 pueri

249 1438 363 1480 Isaac
394 1435 576 1477 fodiunt.
646 1435 773 1476 Pueri
801 1445 899 1476 sunt
928 1433 1056 1482 Isaac,
1086 1433 1339 1483 Matthaeus,
1371 1433 1556 1484 Marcus,
1585 1435 1670 1476 Lu-

252 1531 331 1564 cas,
362 1512 460 1568 ct5)
492 1514 696 1554 Joannes.
752 1511 881 1553 Pueri
912 1509 999 1567 ejus
1030 1521 1129 1551 sunt
1146 1509 1307 1560 Petrus,
1337 1511 1540 1561 Jacobus,
1572 1513 1670 1568 et5)

249 1592 406 1632 Judas:
443 1605 551 1644 puer
589 1587 677 1646 ejus
717 1599 776 1629 est
817 1599 857 1628 ct
897 1588 1130 1642 Apostolus
1171 1586 1353 1637 Paulus,
1408 1587 1481 1644 qui
1523 1606 1669 1632 omnes

249 1669 349 1711 novi
377 1665 614 1707 testamenti
642 1677 793 1721 puteos
824 1664 1007 1705 fodiunt.
1068 1664 1154 1705 Sed
1188 1675 1229 1704 ct
1256 1681 1337 1720 pro
1369 1665 1432 1706 his
1463 1668 1667 1708 altercan-

247 1757 317 1786 tur
346 1743 421 1792 illi,
453 1741 524 1798 qui
553 1753 721 1782 terrena
760 1742 954 1795 sapiunt,
998 1756 1077 1780 nec
1117 1757 1226 1781 nova
1269 1742 1398 1783 condi
1435 1743 1668 1798 patiuntur,

246 1837 326 1864 nec
355 1830 492 1860 vetera
524 1817 706 1873 purgari.
751 1815 1011 1868 Evangelicis
1039 1818 1175 1872 puteis
1207 1819 1516 1869 contradicunt,
1549 1823 1668 1876 Apo-

245 1896 402 1940 stolici⁵
434 1897 726 1937 adversantur,
786 1892 840 1933 Et
881 1893 1085 1948 quoniam
1122 1894 1164 1935 in
1208 1897 1406 1937 omnibus
1450 1900 1664 1941 contradi-

247 1984 368 2022 cunt,
411 1972 455 2013 in
497 1969 694 2011 omnibus
732 1968 917 2020 litigant,
954 1970 1106 2010 dicitur
1152 1972 1206 2011 ad
1244 1988 1333 2013 eos:
1375 1975 1665 2032 ‚,quoniam⁷)

243 2050 441 2101 indignos
484 2064 556 2088 vos
593 2045 743 2088 fecistis
784 2046 910 2097 gratia
955 2046 1061 2096 Dei,
1109 2064 1154 2088 cx
1195 2048 1279 2089 hoc
1315 2047 1400 2106 jam
1443 2052 1496 2093 ad
1526 2064 1665 2104 gentes

243 2127 440 2169 ibimus.“
1434 2128 1436 2133 ’

354 2205 394 2246 3.
424 2202 529 2244 Post
556 2203 660 2242 haec
691 2215 788 2251 ergo
828 2198 938 2241 fodit
977 2201 1148 2243 tertium
1182 2214 1357 2257 puteum
1403 2204 1529 2256 Isaac,
1558 2207 1660 2262 εἴθ)

243 2278 496 2338 „appellavit
532 2293 692 2319 nomen
733 2275 818 2317 loci
856 2276 987 2318 illius:
1038 2278 1296 2333 amplitudo:
1344 2280 1511 2331 dicens,
1563 2284 1660 2336 quia

242 2374 356 2400 nunc
387 2354 574 2398 dilatavit
602 2370 680 2395 nos
710 2353 946 2402 Dominus,
987 2365 1027 2395 et
1057 2355 1171 2396 auxit
1199 2372 1278 2397 nos
1306 2373 1433 2412 super
1462 2367 1660 2401 terram.“

360 2543 404 2597 ¹)
432 2544 507 2585 Ev.
536 2543 695 2584 Joann.
727 2541 801 2591 IX,
833 2541 902 2584 16.
1019 2542 1066 2597 ²)
1096 2542 1207 2585 Edd.
1239 2544 1436 2587 Men-lini:
1466 2546 1539 2589 illi.

354 2613 401 2668 ³>
430 2613 540 2654 Edd.
573 2612 765 2654 Mer-lini:
797 2611 998 2662 dixerant,
1031 2615 1083 2654 de
1101 2613 1193 2669 ipso
1216 2615 1416 2665 dixerant,
1444 2616 1562 2659 rixati
1577 2628 1653 2659 etc.

354 2682 399 2737 ⁴²)
431 2681 583 2723 Matth.
614 2681 732 2730 XIII,
760 2681 826 2724 38.
947 2682 992 2738 ⁵)
1024 2674 1154 2724 Deest
1183 2690 1274 2734 ,‚et“
1303 2685 1348 2726 in
1381 2688 1475 2728 edd.
1507 2686 1567 2729 M.

312 2784 315 2785 γ
352 2751 398 2807 ⁶)
429 2750 708 2793 Desideratur
738 2757 828 2802 „et“
859 2750 902 2793 in
935 2754 1029 2795 edd.
1060 2752 1120 2795 M.

351 2819 395 2873 ⁷)
426 2823 516 2861 Act.
546 2820 662 2867 XIII,
691 2821 757 2864 46.
879 2821 925 2876 ⁶)
959 2821 1109 2867 Genes.
1141 2823 1301 2874 XXVI,
1330 2825 1396 2870 22-
