1764 3096
510 93 556 126 m
589 81 787 125 Gnnnsm
816 82 1017 129 HomrmA
1040 84 1095 127 X.
1425 87 1506 130 221

97 214 167 241 eos
199 196 300 240 dicit
326 195 455 245 Deus,
486 194 583 250 quia
611 193 884 245 „neomenias
903 195 946 250 ¹)
977 206 1150 245 vestras,
1180 206 1221 237 et
1247 196 1434 247 sabbata,
1465 210 1506 239 et

96 276 207 317 diem
236 288 434 326 magnum
465 288 555 312 non
583 272 781 313 sustineo.
855 270 1074 328 Jejunium
1115 283 1155 312 et
1182 271 1320 322 serias,
1351 285 1390 313 et
1420 274 1506 316 dies

93 354 219 394 festos
256 359 411 390 vestros
452 348 546 390 odit
585 348 725 390 anima
761 352 893 390 mea.“
972 348 1076 390 Odit
1120 364 1218 400 ergo
1257 349 1375 391 Deus
1419 366 1504 400 eos,

93 427 165 482 qui
193 442 326 466 unum
364 425 477 467 diem
508 437 660 482 putant
689 426 837 466 festum
869 425 979 466 diem
1012 441 1096 467 esse
1124 425 1319 467 Domini.
1378 426 1506 468 Chri-

88 501 208 544 stiani
249 501 368 543 omni
417 501 484 543 die
522 517 666 545 carnes
706 501 801 552 agni
841 503 1095 552 comedunt,
1143 502 1189 543 id
1235 514 1314 554 est,
1359 520 1505 544 carnes

89 577 203 619 verbi
242 577 327 619 Dei
367 578 561 634 quotidie
606 588 790 619 sumunt.
866 578 1053 628 „Pascha
1069 579 1115 630 ²)
1158 578 1270 619 enim
1309 591 1501 621 nostrum

87 654 331 696 immolatus
362 666 421 695 est
463 654 690 696 Christus.“
754 653 810 695 Et
853 654 950 710 quia
988 657 1052 696 lex
1082 655 1270 697 Paschae
1310 656 1400 697 talis
1431 667 1503 705 est,

87 743 133 772 ut
173 731 218 772 in
258 747 430 787 vespera
469 731 740 780 comedatur,
784 742 1014 787 propterea
1058 730 1102 771 in
1142 747 1311 787 vespera
1350 733 1502 773 mundi

85 824 227 864 passus
260 819 319 849 est
347 806 584 857 Dominus,
615 818 662 849 ut
692 819 739 849 tu
768 825 936 865 semper
964 808 1194 849 manduces
1224 809 1278 849 de
1308 810 1502 851 carnibus

87 885 215 934 verbi,
247 885 345 940 quia
373 900 540 940 semper
569 883 613 925 in
645 901 816 941 vespera
848 902 901 936 es,
930 901 1064 941 usque
1082 901 1167 940 quo
1199 884 1336 925 veniat
1365 902 1500 927 mane.

83 961 141 1003 Et
169 962 204 1003 si
232 961 276 1003 in
306 962 384 1003 hac
423 977 593 1016 vespera
633 962 835 1004 sollicitus
875 962 1024 1012 fueris,
1063 973 1103 1002 et
1142 961 1185 1002 in
1215 961 1319 1002 fletu
1363 978 1409 1002 ac
1440 961 1500 1018 je-

83 1039 222 1094 juniis,
255 1050 380 1094 atque
396 1038 441 1091 3)
473 1038 591 1079 omni
621 1039 770 1080 labore
809 1038 989 1096 justitiae
1027 1039 1154 1080 vitam
1193 1039 1380 1087 duxeris,
1418 1056 1499 1094 po-

84 1116 179 1157 teris
210 1127 248 1156 et
276 1126 322 1156 tu
353 1114 515 1156 dicere:
546 1117 627 1164 „ad
643 1113 689 1170 ⁴)
719 1132 935 1171 vesperam
966 1115 1263 1156 demorabitur
1291 1116 1426 1164 fletus,
1459 1128 1500 1157 et

84 1193 137 1233 ad
167 1191 421 1234 matutinum
459 1192 655 1234 laetitia.“
722 1192 962 1234 Laetaberis
1005 1192 1116 1233 enim
1155 1208 1304 1242 mane,
1342 1193 1386 1233 id
1427 1205 1498 1240 est,

83 1268 128 1309 in
157 1268 324 1310 saeculo
358 1268 587 1322 futur0,⁵)
626 1268 660 1310 si
699 1268 743 1310 in
788 1269 870 1310 hoc
901 1269 1071 1311 saeculo
1104 1271 1289 1311 fructum
1318 1267 1499 1326 justitiae

81 1345 125 1386 in
156 1346 256 1386 fletu
297 1356 335 1385 et
373 1345 523 1385 labore
553 1346 789 1399 collegeris.
853 1344 1006 1386 Venite
1045 1361 1142 1397 ergo
1188 1356 1229 1386 et
1257 1364 1353 1395 vos,
1394 1349 1497 1388 dum

81 1433 244 1476 tempus
276 1434 354 1463 est:
395 1422 592 1463 bibamus
634 1425 687 1464 de
722 1435 851 1478 puteo
881 1422 1073 1473 visionis,
1102 1422 1177 1463 ubi
1205 1424 1320 1464 Isaac
1351 1426 1495 1465 deam-

80 1499 269 1548 bulabat,
299 1511 338 1539 et
367 1500 442 1540 ubi
472 1500 665 1554 procedit
697 1501 750 1540 ad
781 1499 1035 1542 exercitium.
1096 1499 1310 1550 Observa,
1340 1514 1496 1556 quanta

80 1586 284 1628 geruntur
322 1576 375 1618 ad
396 1575 441 1630 ⁶)
481 1591 622 1631 aquas.
702 1576 758 1616 Et
797 1587 844 1616 tu
882 1575 1068 1616 invitaris
1116 1576 1308 1631 quotidie
1352 1578 1496 1618 venire

81 1653 134 1693 ad
165 1668 292 1707 aquas
320 1652 437 1693 verbi
468 1653 563 1702 Dei,
595 1665 634 1694 et
664 1652 850 1693 assistere
879 1652 1015 1708 puteis
1047 1650 1147 1709 ejus,
1175 1653 1283 1694 sicut
1310 1653 1494 1695 faciebat

80 1728 286 1779 Rebecca,
316 1731 369 1770 de
400 1746 482 1784 qua
514 1730 686 1771 dicitur:
728 1729 870 1780 „virgo
889 1729 932 1783 ⁷)
978 1741 1066 1771 erat
1106 1732 1262 1771 decora
1293 1732 1426 1780 valde,
1456 1743 1494 1771 et

78 1805 139 1846 vir
168 1822 258 1847 non
289 1819 543 1859 cognoverat
573 1823 678 1848 eam.
724 1807 781 1848 Et
810 1806 928 1858 haec,
957 1806 1107 1863 inquit,
1139 1806 1232 1849 exiit
1260 1824 1354 1849 sero
1386 1808 1491 1850 hau·

78 1881 160 1924 rire
194 1889 389 1939 aquam.“

189 1960 228 2001 4.
257 1961 348 2001 Nec
378 1961 460 2001 hoc
490 1962 644 2002 frustra
674 1960 878 2015 scriptum
915 1970 974 2001 est
996 1961 1048 2001 de
1079 1976 1139 2002 ea.
1185 1961 1490 2002 Verumtamen

77 2047 219 2077 movet
247 2053 330 2086 me,
360 2036 462 2092 quid
491 2048 562 2089 est,
593 2038 711 2093 quod
733 2037 909 2078 dicitur:
940 2037 1081 2089 „virgo
1097 2036 1144 2091 Β)
1175 2048 1274 2087 erat,
1308 2038 1370 2078 vir
1400 2055 1490 2078 non

193 2245 237 2299 ¹)
267 2246 391 2288 Jesai.
427 2246 460 2296 I,
493 2246 557 2291 13.
588 2247 656 2292 14.

187 2315 234 2367 ²)
264 2316 284 2356 I
317 2315 417 2359 Cor.
445 2316 499 2366 V,
529 2317 566 2359 7.

187 2385 234 2439 ³)
262 2385 374 2426 Edd.
404 2386 599 2428 Merlini:
631 2398 757 2442 atque
784 2385 829 2426 in
861 2386 979 2428 omni
1010 2387 1158 2429 labore
1190 2399 1268 2432 etc.

187 2454 233 2511 ⁴)
264 2455 420 2498 Psalm.
446 2457 590 2507 XXX,
619 2457 659 2498 5.
683 2455 892 2513 (XXIX.)

188 2531 233 2586 ⁵)
263 2532 373 2574 Edd.
404 2533 601 2575 NIerlini:
632 2546 823 2575 venturo.

188 2606 235 2662 ⁶)
263 2608 372 2651 Edd.
403 2610 598 2652 Merh'ni:
633 2611 686 2652 ad
718 2627 866 2667 aquas:
907 2623 953 2653 ut
996 2625 1034 2654 et
1075 2625 1119 2655 tu
1159 2611 1343 2656 inviteris
1374 2628 1480 2668 quo-

8 2693 13 2729 ':
73 2662 173 2705 tidie
204 2675 278 2705 etc.

190 2740 235 2794 ⁷)
267 2739 352 2782 Cfr.
385 2741 535 2785 Genes.
565 2743 725 2794 XXIV,
754 2746 817 2790 16.
852 2747 945 2789 coll.
982 2747 1043 2790 15.

187 2815 234 2871 ⁸)
266 2816 416 2864 Genea.
446 2819 604 2873 XXIV,
634 2822 698 2867 16.
