1764 3096
262 84 347 128 162
866 77 1090 122 OmGEms

704 278 1126 346 110M1L1'A
1186 300 1259 342 tv.

267 418 397 474 De')
428 434 493 469 eo,
526 418 644 474 quod
675 416 879 473 scriptum
905 427 986 458 est:
1015 414 1214 469 „visus⁴²)
1244 425 1303 457 est
1319 412 1537 456 Dominus
1558 415 1693 456 Abra-

762 495 933 546 hamo‚“
971 505 1012 536 et
1043 505 1194 536 cetera.

380 623 419 664 1.
448 621 638 664 Recitata
670 631 731 662 est
759 620 885 662 nobis
916 620 995 662 alia
1019 618 1133 662 -visio
1158 618 1243 662 Dei
1274 618 1327 660 ad
1352 618 1584 668 Abraham,
1613 619 1697 661 hoe.

267 702 421 743 modo:
453 698 653 754 „visus³)
677 709 759 748 est,
791 695 950 754 inquit,
980 699 1099 739 Deus
1130 698 1182 738 ab
1215 697 1460 748 Abraham,
1502 714 1600 738 cum
1631 714 1694 737 se-

267 780 386 819 deret
424 779 478 818 ad
521 776 676 818 ostium
717 775 983 816 tabernaculi
1032 775 1095 817 sui
1136 776 1189 815 ad
1237 791 1443 830 quercum
1485 775 1698 820 Mambre,

266 857 322 898 Et
352 871 450 898 ecce
479 853 557 896 viri
586 865 669 895 tres
700 854 953 896 adstiterunt
982 869 1110 909 super
1143 869 1256 902 eum,
1286 864 1327 893 et
1344 852 1571 908 respiciens
1594 868 1696 893 ocu·

265 934 315 976 lis
345 933 429 975 suis
463 931 679 973 Abraham
720 930 845 981 vidit,
892 941 932 971 et
971 947 1069 971 ecce
1106 942 1189 971 tres
1230 930 1306 972 viri
1336 946 1465 985 super
1495 946 1617 980 eum,
1659 940 1699 970 et

267 1011 364 1053 exiit
393 1010 438 1050 in
475 1025 699 1050 occursum
731 1007 830 1059 iis‚“
870 1020 910 1049 et
940 1020 1089 1049 cetera.
1164 1007 1447 1049 Conferamus
1476 1008 1635 1063 primo,
1664 1005 1696 1048 si

266 1088 446 1136 videtur,
475 1087 586 1127 hanc
617 1084 821 1126 visionem
870 1102 967 1126 cum
998 1085 1094 1135 illa,
1141 1101 1250 1141 quae
1287 1086 1396 1126 sacta
1427 1097 1487 1126 est
1517 1086 1571 1126 ad
1603 1085 1696 1126 Lot:

267 1166 372 1207 Tres
402 1163 478 1205 viri
509 1161 685 1204 veniunt
716 1162 769 1202 ad
803 1162 1042 1214 Abraham,
1085 1173 1126 1203 et
1169 1173 1281 1203 stant
1321 1179 1451 1218 super
1481 1179 1599 1204 eum:
1642 1162 1696 1202 ad

265 1244 347 1282 Lot
379 1242 466 1282 duo
498 1239 686 1289 veniunt,
720 1249 761 1280 et
791 1240 940 1280 sedent
970 1240 1013 1280 in
1044 1239 1196 1295 platea.
1265 1238 1397 1288 Vide,
1426 1238 1461 1279 si
1489 1255 1579 1278 nou
1612 1238 1695 1279 ‹lis-

264 1317 515 1375 pensatione
545 1316 728 1372 Spiritus
759 1316 894 1358 sancti
935 1333 1016 1372 pro
1048 1315 1207 1357 meritis
1249 1331 1313 1357 res
1343 1326 1561 1368 geruntur.
1619 1315 1695 1356 Et-

227 1426 234 1431 ·
264 1395 378 1437 enim
408 1395 493 1435 [ot
520 1391 700 1435 inferior
729 1395 857 1447 longe
888 1404 976 1434 erat
992 1392 1037 1450 ⁴)
1067 1393 1298 1435 Abraham.
1348 1391 1440 1434 Nisi
1461 1392 1573 1434 enim
1594 1392 1697 1435 suis-

263 1485 325 1515 set
353 1471 545 1522 inferior,
574 1487 665 1512 non
698 1482 804 1513 esset
832 1483 1050 1528 separatus
1081 1472 1135 1513 ab
1168 1470 1401 1521 Abraham,
1430 1486 1509 1512 nec
1529 1469 1696 1510 dixisset

263 1550 320 1592 ei:
353 1548 474 1603 „si⁵)
504 1559 551 1588 tu
581 1549 635 1589 ad
667 1549 872 1600 dextram,
902 1565 978 1603 ego
1013 1549 1067 1590 ad
1097 1546 1331 1595 sinistram:
1371 1547 1404 1589 si
1434 1559 1481 1588 tu
1512 1548 1567 1588 ad
1596 1547 1697 1589 sini-

261 1641 405 1678 stram,
435 1643 513 1680 ego
545 1626 600 1667 ad
628 1626 860 1669 dext1·am.“
926 1626 983 1668 Et
1012 1626 1093 1669 nisi
1122 1625 1269 1668 suisset
1297 1623 1499 1676 inferior,
1535 1643 1626 1667 non
1658 1626 1696 1668 ei

263 1706 561 1748 Sodomorum
590 1713 703 1744 terra
734 1714 774 1743 et
803 1702 1010 1744 habitatio
1053 1703 1293 1759 placuisset.
1360 1702 1554 1745 Veniunt
1593 1718 1692 1755 ergo

262 1784 315 1824 ad
348 1781 566 1824 Abraham
608 1792 692 1821 tres
722 1779 800 1821 viri
829 1780 1030 1830 meridie,
1076 1782 1130 1821 ad
1170 1781 1253 1821 Lot
1291 1781 1379 1821 duo
1420 1796 1593 1836 vespere
1623 1795 1694 1820 ve-
1755 1796 1757 1800 ¹

260 1860 398 1901 niunt.
456 1860 559 1900 Non
590 1856 702 1898 enim
735 1857 928 1913 capiebat
952 1858 1034 1898 Lot
1054 1858 1315 1900 meridianae
1345 1858 1452 1899 lucis
1481 1856 1693 1911 magnitu—

262 1936 427 1988 dinem3
458 1934 676 1976 Abraham
705 1951 807 1975 vero
837 1951 969 1990 capax
1009 1932 1090 1974 fuit
1127 1934 1305 1989 plenum
1344 1935 1558 1988 fulgorem
1587 1932 1694 1974 lueis

262 2013 465 2069 excipere.
526 2010 757 2053 Videamus
787 2028 925 2061 nunc,
955 2013 1179 2067 quomodo
1213 2009 1693 2066 Abraham·susceperit

261 2091 490 2141 venientes,
522 2101 563 2130 et
593 2088 818 2144 quomodo
848 2089 952 2140 Lot,
996 2101 1036 2130 et
1067 2088 1142 2145 qui
1171 2101 1399 2146 apparatus
1430 2087 1693 2145 hospitalita-

260 2167 312 2209 tis
350 2167 572 2221 utriusque
613 2164 688 2214 sit,
737 2182 1048 2220 comparemus.
1131 2166 1279 2208 Primo
1319 2178 1461 2208 tamen
1501 2167 1692 2213 observa,

262 2244 381 2300 quod
411 2243 659 2284 Abrahamo
690 2257 789 2281 cum
820 2242 992 2284 duobus
1024 2242 1182 2296 angelis
1212 2244 1338 2286 etiam
1357 2242 1586 2285 'Dominus
1615 2243 1691 2283 ad-

379 2381 423 2438 ¹)
457 2381 609 2422 Codex
640 2380 772 2423 sancti
791 2381 1055 2424 Theoderici
1079 2381 1249 2425 titulum
1269 2384 1418 2425 habet:
1450 2383 1520 2425 De
1552 2383 1714 2424 Abra-v

257 2440 358 2480 ham
389 2451 430 2480 et
469 2438 606 2479 tribus
643 2437 763 2489 viris,
812 2455 921 2494 quos
958 2438 1062 2481 vidit
1102 2439 1281 2482 meridie
1323 2440 1439 2498 juxta
1480 2456 1687 2497 quercum

218 2504 221 2507 '
258 2496 472 2537 BIambre.
503 2495 555 2536 R.

376 2566 423 2620 2)
456 2564 606 2607 Genes.
638 2563 795 2615 XVIII,
826 2564 863 2606 1.
894 2566 934 2607 2.

355 2634 421 2702 ’3)
453 2634 542 2677 Cfr.
589 2633 744 2678 Genes.
788 2635 957 2686 XVIII,
1002 2635 1039 2678 1.
1079 2637 1119 2679 2.
1165 2636 1262 2679 coll.
1314 2637 1448 2681 LXX.
1495 2637 1684 2680 virorum

259 2709 465 2736 VOI'SIODC.

368 2763 415 2817 ⁴)
444 2762 556 2804 Edd.
586 2760 784 2804 Merlini:
817 2773 906 2804 erat
935 2764 989 2806 ab
1024 2763 1253 2809 Abraham,

368 2831 414 2888 ⁵)
446 2833 602 2876 Genes.
630 2832 752 2886 XIII,
780 2833 822 2877 9.
