1739 3067
490 973 1240 1039 PROLEGOMENA.

159 1377 374 1489 Quum
405 1420 457 1463 in
487 1421 577 1464 hoc
609 1435 796 1479 qnoque
827 1425 1048 1481 Origenis
1081 1428 1290 1483 Operum
1321 1427 1458 1471 novis
1489 1442 1567 1472 cu-

157 1517 225 1562 ris
255 1518 441 1562 edendo
461 1520 636 1575 Tom0‚
669 1518 744 1562 cui
775 1535 1085 1579 quaecunque
1104 1536 1274 1581 graece
1300 1525 1476 1582 scripta
1507 1539 1569 1569 ex

156 1614 378 1671 Origenis
417 1614 466 1656 in
520 1615 730 1660 Genesin
779 1619 1149 1665 Commentariis
1189 1627 1404 1675 exstant,
1452 1623 1570 1668 item¹

153 1712 395 1758 Homiliae
427 1712 651 1771 Origenis
692 1713 742 1757 in
781 1716 1015 1776 Genesin,
1057 1725 1104 1762 et
1142 1732 1311 1777 graeca
1351 1721 1566 1766 eiusdem

153 1812 206 1856 in
261 1813 478 1856 Exodum
538 1813 998 1858 Commentariorum
1054 1816 1322 1875 fragmenta
1385 1817 1564 1878 insunt,

154 1911 373 1967 eandem,
406 1921 549 1967 quam
580 1910 830 1969 superius,
876 1918 1069 1957 secutus
1109 1912 1201 1957 sim
1236 1929 1478 1975 normam,
1521 1927 1568 1962 et

154 2024 302 2068 quum
330 2008 482 2052 index
510 2009 725 2051 locorum
755 2023 936 2068 aeque,
979 2025 1032 2055 ac
1078 2012 1171 2055 duo
1203 2014 1382 2059 monita
1412 2018 1563 2061 Ruaei

149 2110 243 2152 huc
276 2105 571 2164 spectantia,
618 2105 774 2161 aptius
805 2108 960 2151 Tomo
1003 2111 1223 2166 sequenti
1263 2111 1563 2172 adjungenda

150 2220 256 2252 esse
284 2204 389 2248 visa
418 2204 531 2262 sint,
562 2204 652 2248 hoc
671 2218 820 2247 unum
844 2213 1080 2264 superest,
1114 2214 1166 2253 ut
1185 2212 1288 2256 loca
1315 2215 1560 2271 nonnulla,

143 2305 233 2349 hoc
264 2303 411 2347 Tomo
441 2301 600 2360 obvia,
634 2304 969 2349 emendemus.
1008 2358 1010 2360 V

145 2406 262 2461 Pag.
294 2402 363 2446 28.
395 2401 480 2446 lin.
513 2402 583 2446 14.
615 2403 710 2460 leg.
741 2404 819 2457 τῷ.

177 2527 228 2533 -
285 2501 358 2545 32.
390 2499 476 2542 lin.
506 2499 548 2544 9.
582 2501 678 2557 leg.
710 2495 752 2553 ἢ.

179 2623 227 2631 —
285 2599 356 2643 32.
388 2603 489 2642 not.
521 2597 560 2644 7.
590 2596 673 2644 lin.
702 2599 745 2641 2.
777 2598 874 2654 leg.
906 2601 1268 2655 πεσουμένους.“
1299 2605 1357 2647 Β.

178 2719 231 2727 -
287 2697 352 2738 41.
377 2695 463 2740 lin.
494 2695 565 2739 15.
594 2697 691 2753 leg.
723 2693 1208 2754 τεσσαρεσκαιδεκάτῃ

176 2818 230 2826 -
282 2793 358 2849 749.
387 2793 470 2836 lin.
503 2793 547 2836 6.
576 2795 666 2850 leg.
698 2791 751 2836 ἵν’
785 2782 828 2852 ᾗ·
861 2791 1207 2849 ,,βλαστησάτω.

178 2915 227 2926 -—
284 2890 355 2936 88.
381 2894 480 2935 not.
511 2889 555 2935 9.
584 2891 678 2949 leg.
710 2894 771 2935 R.
