1764 3096
270 78 354 121 240
866 74 1087 117 Omessms

272 202 312 232 ct
339 201 398 240 tu,
429 205 525 231 cum
566 186 896 244 apprehenderis
934 188 1090 229 librum
1132 185 1474 242 scripturarum,
1510 186 1684 245 incipias

271 268 394 309 etiam
427 284 474 308 ex
504 265 681 322 proprio
709 280 831 306 sensu
873 266 1067 320 proferre
1111 264 1296 319 aliquem
1335 264 1616 315 intellectum,
1648 278 1687 308 et

270 345 503 387 secundum
537 359 596 393 ea,
627 358 735 398 quae
768 341 810 382 in
833 342 1005 383 eeclesia
1027 340 1220 390 didicisti,
1249 352 1362 382 tenta
1395 353 1435 382 et
1464 354 1509 383 tu
1538 343 1687 384 bibere

273 422 326 462 de
366 422 484 462 sonte
521 419 676 471 ingenii
716 418 788 459 tui.
856 419 930 461 Est
967 420 1074 460 intra
1115 429 1155 458 te
1193 429 1342 460 natura
1383 435 1517 474 aquae
1558 420 1688 470 vivae,

270 508 367 539 sunt
395 513 526 538 venae
554 512 774 551 perennes,
805 507 843 536 et
870 495 1025 548 irrigua
1053 494 1211 536 fluenta
1239 495 1504 537 rationabilis
1532 512 1689 547 sensus,

271 574 305 617 si
336 576 469 615 modo
509 589 597 613 non
636 572 719 614 sint
747 583 857 613 terra
888 584 928 614 et
957 572 1180 614 ruderibus
1222 573 1408 628 oppleta.
1476 573 1562 615 Sed
1594 574 1688 615 satis

271 666 347 702 age
378 652 525 692 fodere
553 662 705 691 terram
738 662 866 699 tuam,
897 661 936 690 et
967 657 1149 705 purgare
1167 650 1324 698 sordes,
1353 649 1397 690 id
1433 661 1503 700 est,
1531 649 1690 702 ingenii

271 726 332 768 tui
363 741 560 767 amovere
591 727 809 776 desidiam,
840 738 879 768 et
908 738 1126 783 torporem
1160 728 1297 769 cordis
1324 738 1527 768 excutere.
1574 725 1690 767 Audi

273 803 400 853 enim,
432 804 533 859 quid
564 803 664 845 dicit
695 804 932 860 Scriptura:
962 804 1186 860 „punge¹)
1219 805 1414 855 oculum,
1458 816 1497 846 et
1524 805 1690 860 profert

274 881 512 921 lacrimam:
554 896 694 937 punge
732 898 829 930 cor,
871 893 909 922 et
946 882 1112 937 profert
1139 886 1348 923 sensum.“
1417 881 1556 934 Purga
1587 895 1686 931 ergo

273 969 314 998 et
342 968 388 997 tu
418 958 634 1009 ingenium
665 970 799 1008 tuum,
830 970 875 999 ut
906 959 1136 1014 aliquando
1180 958 1305 999 etiam
1347 959 1400 999 de
1432 957 1511 998 tuis
1554 957 1686 998 sonti-

273 1035 350 1075 bus
381 1035 524 1083 bibas,
569 1045 608 1074 et
650 1035 702 1074 de
741 1034 821 1075 tuis
861 1036 996 1090 puteis
1035 1035 1200 1076 haurias
1237 1051 1390 1090 aquam
1431 1035 1579 1076 vivam.
1641 1034 1688 1076 Si

275 1109 386 1151 enim
417 1109 632 1164 suscepisti
674 1109 718 1150 in
758 1123 798 1151 te
840 1113 1016 1151 verbum
1047 1111 1153 1161 Dei,
1197 1112 1230 1152 si
1270 1112 1463 1168 accepisti
1503 1112 1554 1152 ab
1586 1111 1687 1151 Jesu

274 1202 427 1241 aquam
457 1186 614 1235 vivam,
645 1199 685 1227 et
714 1187 895 1229 fideliter
926 1187 1146 1243 accepisti,
1185 1189 1255 1228 fiet
1285 1189 1327 1229 in
1358 1201 1398 1229 te
1428 1190 1524 1230 fons
1555 1204 1688 1243 aquae

272 1264 454 1305 salientis
482 1263 527 1304 in
557 1265 682 1306 vitam
715 1276 943 1313 aeternam,
972 1265 1016 1305 in
1046 1263 1140 1319 ipso
1170 1264 1272 1305 Jesu
1297 1263 1466 1306 Christo
1493 1264 1688 1305 Domino

270 1352 432 1394 nostro,
466 1341 533 1383 cui
571 1352 630 1383 est
659 1341 794 1395 gloria
825 1353 863 1384 et
893 1340 1123 1398 imperium
1151 1341 1196 1384 in
1216 1342 1380 1384 saecula
1410 1341 1689 1385 saeculorum.

270 1419 422 1460 Amen.

668 1746 1094 1790 HOMILIA
1160 1746 1277 1788 XIII.

383 1844 450 1885 De
491 1845 648 1900 puteis,
690 1862 796 1901 quos
834 1845 945 1888 fodit
983 1845 1121 1895 Isaac,
1162 1856 1202 1886 et
1240 1843 1388 1901 repleti
1425 1855 1521 1886 sunt
1553 1861 1574 1886 a

851 1921 1095 1964 philistinis.

385 2035 421 2075 1.
482 2033 616 2075 Solita
657 2034 814 2089 erga2)
852 2045 1004 2090 puteos
1043 2050 1211 2090 semper
1248 2033 1592 2075 patriarcharum
1623 2032 1688 2074 in—

272 2111 462 2153 venimus
501 2110 706 2152 exercitia.
775 2110 888 2152 Ecce
923 2110 1061 2161 enim,
1109 2113 1237 2153 refert
1277 2111 1514 2167 Scriptura,
1570 2111 1687 2166 quod

270 2187 398 2236 Isaac,
427 2199 653 2243 postquam
684 2187 898 2228 benedixit
926 2188 1048 2229 illum
1078 2188 1307 2237 Dominus,
1337 2200 1376 2229 et
1399 2187 1688 2239 magnificatus

273 2277 331 2305 est
359 2265 500 2313 valde,
533 2279 742 2316 aggressus
774 2275 831 2305 est
863 2281 970 2320 opus
999 2279 1216 2316 magnum.
1272 2266 1329 2306 Et
1358 2264 1510 2320 coepit,
1539 2265 1690 2319 inquit,

272 2343 421 2383 fodere
451 2353 613 2397 puteos,
643 2351 809 2396 puteos,
840 2357 945 2396 quos
965 2342 1224 2397 foderant3)
1245 2342 1368 2397 pueri
1391 2339 1477 2397 ejus
1507 2341 1550 2382 in
1580 2353 1688 2382 tem-

271 2435 379 2474 pore
408 2419 537 2474 patris
567 2418 654 2474 ejus
680 2418 920 2468 Abraham,
947 2419 1020 2460 sed
1052 2419 1345 2474 oppilaverant
1360 2417 1405 2474 ⁴)
1444 2434 1515 2461 eos
1554 2417 1689 2461 Phili-

391 2558 434 2612 ¹)
466 2559 564 2613 Sap.
598 2557 726 2599 Sirac.
756 2557 895 2607 XXH,
929 2558 993 2601 19.
1027 2557 1355 2612 (Ecclesiastic.)

386 2631 431 2682 2)
465 2629 575 2670 Edd.
608 2627 804 2669 Merlini:
835 2642 933 2679 ergo
966 2629 1019 2668 ad
1048 2639 1201 2683 puteos
1233 2639 1308 2669 etc.

387 2699 432 2753 ³)
464 2699 597 2739 Editi:
637 2699 905 2748 „foderunt.“
950 2697 1036 2739 Sed
1066 2699 1164 2741 Mss.
1204 2709 1251 2740 ut
1286 2699 1332 2740 in
1373 2711 1521 2741 nostro
1563 2709 1688 2741 textu.
1753 2730 1763 2738 ,

270 2753 321 2797 R.
353 2779 404 2788 -·
433 2754 544 2797 Edd.
574 2753 768 2796 Merlini:
799 2756 1010 2796 foderant.

387 2824 432 2879 ⁴²)
462 2823 576 2867 Editi
617 2827 675 2882 (v.
711 2842 742 2868 c.
785 2825 878 2868 edd.
920 2824 1026 2882 M.):
1063 2823 1389 2882 „oppilaverunt
1420 2848 1493 2877 —,
1534 2834 1571 2867 et
1607 2825 1686 2866 im-
