1764 3096
482 142 530 173 m
560 129 758 172 GENEsm
787 127 988 170 Honmm
1010 127 1081 171 III.
1405 131 1490 177 149

32 250 33 253 ’
73 260 210 294 causa,
242 243 443 292 dicamus,
472 241 570 297 quia
599 241 690 282 silet
718 242 851 290 Deus,
886 242 1005 297 quod
1035 252 1213 283 naturae
1240 241 1302 282 illi
1332 258 1486 285 conve·

71 322 192 363 niens
224 319 433 368 creditur,
474 318 697 373 quomodo
736 316 972 359 indicatum
1013 335 1100 360 esse
1138 318 1297 375 aliquid
1336 321 1390 360 ab
1430 335 1481 361 6ο

71 397 291 454 putabitur
319 412 397 451 per
423 392 663 437 silentium?
700 394 826 434 Nunc
856 407 995 436 autem
1026 395 1188 437 idcirco
1219 396 1387 437 locutus
1418 395 1483 437 di-

71 475 191 525 citur,
220 485 267 515 ut
293 471 466 514 scientes
496 469 690 512 homines
721 470 804 511 hoc
827 470 1057 513 ministerio
1089 474 1349 520 ,voluntatem
1384 473 1487 515 alte-

70 550 156 592 rius
186 550 302 591 alteri
330 549 614 596 innotescere,
656 559 888 599 agnoscant
919 565 988 598 ea,
1029 566 1138 605 quae
1164 549 1246 592 sibi
1274 566 1352 605 per
1379 567 1485 605 pro-

69 627 213 681 phetas
244 626 504 674 deferuntur,
533 623 618 665 Dei
650 640 736 665 esse
766 625 989 667 voluntatis
1017 625 1189 668 indicia.
1248 626 1295 667 In
1330 627 1484 682 quibus

67 702 211 757 utique
239 719 330 742 non
361 700 609 753 intelligitur
637 703 829 743 voluntas
861 701 944 742 Dei
977 703 1208 753 contineri,
1234 703 1315 744 nisi
1340 720 1386 745 ea
1414 703 1483 745 lo-

67 789 186 819 cutus
217 778 401 819 dicatur:
431 778 529 833 quia
559 795 639 819 nec
669 778 858 829 sentitur,
888 795 967 820 nec
997 779 1244 831 intelligitur
1262 781 1375 821 inter
1402 781 1483 821 ho—

63 855 198 896 mines
233 854 413 896 indicari
448 871 639 910 unquam
677 871 800 911 posse
843 872 922 911 per
959 856 1171 897 silentium
1209 858 1482 899 voluntatem.

65 933 152 974 Sed
181 934 284 974 haec
314 949 483 973 rursum
513 949 602 973 non
635 933 867 973 secundum
889 949 1078 974 errorem
1105 931 1388 985 Judaeor'um‚
1417 935 1484 976 vel

65 1010 187 1050 etiam
221 1027 266 1051 ex
296 1009 449 1051 nostris
479 1009 817 1059 nonnullorum,
848 1010 922 1064 qui
954 1026 1048 1051 cum
1078 1011 1160 1052 illis
1191 1023 1344 1061 errant,
1371 1023 1482 1053 eate-

62 1104 142 1127 nus
172 1087 374 1136 dicimus,
404 1098 469 1136 ut,
500 1086 705 1142 quoniam
737 1086 925 1128 humana
954 1086 1153 1140 fragilitas
1184 1088 1304 1130 aliter
1333 1090 1482 1130 audire

63 1165 116 1204 dc
145 1164 242 1205 Deo
273 1181 364 1205 non
394 1174 546 1219 potest,
573 1163 653 1204 nisi
689 1174 736 1204 ut
754 1164 832 1206 sibi
854 1181 917 1205 res
938 1163 1041 1220 ipsa,
1073 1177 1113 1206 et
1141 1167 1350 1207 vocabula
1378 1177 1482 1208 nota

60 1253 170 1293 sunt,
197 1241 359 1283 idcirco
393 1241 516 1282 etiam
546 1240 751 1282 membris
780 1242 884 1282 haec
913 1243 1067 1284 nostris
1095 1242 1314 1293 similibus,
1345 1256 1386 1285 et
1404 1244 1480 1285 ha-

61 1317 155 1359 bitu
194 1318 384 1359 humano
424 1318 569 1359 Deum
609 1333 731 1369 agere
767 1318 1008 1361 sentiamus.
1073 1320 1276 1361 Alienum
1306 1321 1390 1362 hoc
1422 1332 1482 1362 est

62 1395 115 1435 ab
136 1392 178 1450 ¹)
219 1394 416 1436 ecclesiae
450 1395 549 1435 fide.
622 1394 708 1434 Sed
747 1395 832 1435 hoc
868 1395 1022 1451 ipsum,
1053 1398 1172 1452 quod
1201 1397 1266 1437 vel
1297 1397 1483 1453 adspirat

59 1471 103 1512 in
137 1474 269 1514 corde
297 1471 629 1528 uniuscujusque
658 1482 930 1523 sanctorum,
958 1475 1022 1514 vel
1050 1489 1205 1515 sonum
1236 1473 1351 1514 vocis
1379 1490 1480 1528 per-

60 1549 204 1590 venire
234 1550 288 1590 ad
319 1565 440 1590 aures
471 1547 560 1605 ejus
592 1547 709 1596 facit,
749 1549 918 1590 locutus
958 1549 1125 1591 homini
1162 1549 1281 1590 Deus
1313 1549 1479 1591 dicitur.

61 1626 133 1667 Sic
165 1637 204 1666 et
233 1642 329 1666 cum
358 1638 460 1667 nota
492 1625 572 1667 sibi
603 1642 689 1666 esse
716 1623 898 1674 indicat,
938 1642 1048 1680 quae
1086 1626 1377 1681 unusquisque
1413 1627 1479 1668 vel

60 1702 264 1758 loquitur,
295 1702 358 1743 vel
390 1702 484 1754 agit,
515 1703 680 1744 audisse
719 1719 762 1744 56
794 1701 915 1743 dicit:
959 1713 998 1742 et
1039 1718 1135 1743 cum
1176 1702 1337 1759 aliquid
1366 1702 1480 1761 inju-

62 1792 169 1822 stum
200 1779 286 1833 geri
324 1797 347 1821 a
377 1780 502 1822 nobis
532 1780 704 1830 indicat,
735 1778 858 1820 irasci
894 1794 938 1820 se
970 1778 1091 1819 dicit:
1133 1797 1231 1821 cum
1262 1780 1480 1823 beneficiis

60 1858 143 1899 suis
171 1857 356 1909 ingratos
386 1875 466 1899 nos
497 1857 647 1909 arguit,
676 1857 898 1913 poenitere
928 1872 971 1897 se
1002 1855 1124 1897 dicit:
1161 1856 1354 1899 indicans
1385 1858 1478 1912 qui-

61 1937 157 1977 dem
189 1936 293 1976 haec
324 1935 386 1976 his
407 1935 644 1988 affectibus,
678 1933 1016 1988 quihominibus
1031 1932 1074 1973 in
1092 1950 1171 1974 usu
1186 1945 1295 1983 sunt,
1326 1933 1479 1989 n0n2)

58 2025 201 2054 tamen
231 2012 295 2053 his
324 2012 540 2052 membris·
562 2027 609 2052 ea
629 2010 882 2060 ministrans,
913 2026 1022 2065 quae
1039 2022 1215 2051 naturae
1245 2027 1481 2066 corporeae

59 2101 169 2131 sunt.
229 2088 418 2144 Simplex
447 2103 633 2142 namque
658 2100 716 2128 est
744 2086 814 2128 illa
845 2086 1086 2135 substantia,
1118 2098 1312 2143 ctneque
1341 2105 1478 2129 mem-

59 2166 146 2208 bris
177 2166 293 2215 ullis,
329 2181 469 2220 neque
498 2164 840 2220 compaginibus,
884 2163 1190 2218 affectibusque
1229 2165 1481 2220 composita,

22 2293 27 2295 -
61 2245 133 2285 sed
173 2242 374 2299 quicquid
419 2241 568 2283 divinis
607 2240 829 2283 virtutibus
859 2241 1033 2293 geritur,
1074 2241 1159 2282 hoc
1201 2252 1247 2282 ut
1285 2241 1480 2285 homines

62 2332 232 2376 possent
261 2319 516 2371 intelligere,
558 2330 631 2360 aut
672 2319 961 2360 humanorum
990 2319 1285 2359 membrorum
1332 2320 1482 2374 appel-

61 2397 218 2439 latione
264 2398 504 2453 profertur,
560 2408 631 2438 aut
678 2397 977 2439 communibus
1019 2407 1059 2438 et
1115 2394 1227 2438 notis
1285 2394 1481 2437 enuntia-

181 2625 353 2680 ¹.)Mss
391 2629 470 2676 „ab
512 2627 710 2669 ecclcsiae
748 2628 870 2670 fi‹lc.“
925 2627 1042 2670 Libri
1082 2626 1182 2669 editi
1222 2627 1282 2682 (ν.
1318 2643 1350 2667 6.
1384 2627 1479 2669 edd

63 2681 169 2737 M.:)
199 2683 281 2731 „ab
311 2685 586 2727 ecclesiastica
613 2686 736 2726 fide.“
765 2683 815 2724 R.
1114 2741 1134 2751 κ

182 2752 420 2806 ²)Ve1ba:
458 2771 584 2804 „non
623 2767 763 2795 tamen
803 2754 866 2795 his
905 2752 1107 2795 membris
1144 2769 1191 2793 ea
1228 2752 1481 2803 ministrans,

67 2825 173 2864 quac
202 2821 377 2850 naturae
406 2827 641 2865 corporeae
679 2817 831 2859 sunt,“
870 2810 912 2851 in
954 2822 1077 2850 antea
1117 2809 1236 2854 editis
1274 2809 1394 2852 libzis
1422 2809 1479 2865 (e.

67 2881 101 2905 c.
134 2865 226 2907 cdd.
258 2866 349 2922 Μ)
384 2866 546 2915 omissa,
579 2869 881 2924 supplentur(
912 2866 1009 2908 Mss.
1045 2867 1094 2907 R
