1764 3096
243 71 327 114 216
844 68 1064 112 OmGEms

242 184 340 224 ham
359 181 402 240 ¹)
430 191 552 239 pater
580 191 712 223 vester
742 179 1005 231 desideravit,
1033 190 1080 221 ut
1103 179 1262 221 videret
1284 178 1395 220 diem
1425 193 1589 220 meum:
1618 193 1656 223 ct

240 259 356 310 vidit,
386 272 425 302 et
454 258 612 312 gavisus
644 264 742 301 cst.“
800 258 884 299 Per
914 258 998 301 hoc
1038 271 1138 309 crgo
1171 257 1381 298 crescebat
1412 255 1551 305 Isaac,
1580 271 1657 311 per

243 337 360 392 quod
391 335 640 377 Abrahamo
672 335 772 378 visio
802 335 897 386 illa,
939 351 1022 391 qua
1056 333 1224 375 videbat
1255 331 1409 374 Christi
1441 332 1576 382 diem,
1620 343 1661 373 ct

240 429 347 468 spes,
379 428 487 468 quae
517 411 561 454 in
591 413 685 469 ipso
717 424 789 463 est,
820 412 970 465 gaudia
1000 411 1260 454 cumulabat.
1329 411 1467 465 Atque
1496 409 1660 451 utinam

243 488 518 530 efficeremini
551 488 676 531 ctiam
705 505 778 532 vos
809 489 936 540 Isaac,
967 501 1007 531 et
1038 488 1172 532 essetis
1196 485 1394 539 gaudium
1417 486 1561 529 matris
1592 502 1662 527 ve-

242 577 351 607 strae
381 565 592 607 ecclesiae.
651 566 738 608 Sed
770 581 940 616 vercor,
972 583 1026 608 ne
1056 565 1196 607 adhuc
1227 563 1270 604 in
1308 563 1471 604 tristitia
1513 576 1553 605 ct
1591 580 1660 617 ge-

241 642 347 684 mitu
379 641 553 684 ecclesia
585 642 694 685 filios
725 643 873 698 pariat.
942 645 1007 684 An
1052 632 1140 684 non
1175 652 1233 683 est
1264 640 1299 682 ei
1329 639 1491 682 tristitia
1522 652 1563 682 et
1592 657 1661 694 ge-

241 719 389 770 mitus,
436 736 533 761 cum
576 735 648 761 vos
688 736 777 760 non
812 719 1040 761 convenitis
1081 719 1134 761 ad
1167 717 1427 759 audiendum
1457 716 1541 758 Dei
1570 733 1663 759 ver-

242 797 369 846 bum,
399 807 439 837 et
469 797 532 837 vix
561 796 675 838 festis
706 797 854 838 dicbus
885 798 936 838 ad
971 796 1186 838 ecclesiam
1218 794 1471 851 proceditis,
1512 807 1551 837 et
1579 795 1663 837 hoc

240 890 332 914 nou
363 885 449 914 tam
482 872 691 915 desiderio
723 872 854 920 verbi,
885 890 1011 929 quam
1031 872 1170 915 studio
1194 871 1483 922 solemnitatis,
1512 885 1550 914 et
1581 890 1662 928 pu·

239 948 377 990 blicae
421 950 744 1005 quodammodo
796 949 1054 992 remissi0nis
1104 947 1311 991 obtentu?
1378 948 1496 1003 Quid
1539 948 1665 1002 igitur

243 1042 318 1078 ego
350 1025 523 1075 faciam,
569 1026 636 1067 cui
669 1026 926 1081 dispensatio
966 1028 1082 1069 verbi
1114 1027 1272 1069 credita
1303 1027 1392 1069 cst?
1452 1023 1540 1081 Qui
1568 1026 1666 1068 licet

240 1100 400 1143 inutilis
429 1118 570 1143 servus
600 1102 691 1151 sim,
722 1101 866 1158 accepi
897 1113 1036 1143 tamen
1058 1120 1079 1144 a
1101 1104 1296 1145 Domino
1328 1102 1662 1145 distribuendam

240 1177 428 1220 familiae
461 1178 702 1220 dominicae
731 1177 857 1219 tritici
886 1195 1141 1220 mensuram.
1201 1179 1288 1220 Sed
1317 1180 1425 1229 vide,
1455 1180 1557 1235 quid
1588 1181 1662 1220 ad-

243 1255 303 1296 dit
333 1272 471 1297 sermo
504 1255 709 1297 Domini:
738 1254 1178 1310 „‹]istribuendam,²)
1206 1254 1365 1310 inquit,
1393 1255 1436 1297 in
1470 1267 1666 1313 tempore

241 1332 369 1373 tritici
397 1338 681 1375 mensuram.“
740 1331 859 1386 Quid
892 1347 989 1384 crgo
1021 1331 1206 1375 faciam?
1266 1331 1365 1382 Ubi,
1395 1333 1460 1373 vel
1489 1335 1663 1389 quando

240 1421 423 1451 vestrum
452 1421 619 1466 tempus
650 1408 900 1451 inveniam?
960 1408 1201 1450 Plurimum
1232 1425 1279 1450 cx
1310 1407 1407 1458 hoc,
1436 1408 1523 1449 imo
1553 1426 1665 1465 pene

240 1497 379 1527 totum
428 1498 593 1542 tempus
633 1487 862 1529 mundanis
904 1486 1260 1542 occupationibus
1299 1485 1429 1527 teritis
1469 1485 1513 1526 in
1553 1487 1664 1536 foro,

242 1561 359 1604 aliud
386 1562 431 1604 in
460 1562 748 1615 negotiatione
779 1563 1052 1605 consumitis:
1086 1562 1190 1605 alius
1221 1578 1343 1615 agro,
1386 1561 1490 1605 alius
1520 1562 1664 1606 litibus

242 1651 373 1689 vacat,
406 1651 444 1681 et
473 1641 526 1681 ad
557 1639 816 1681 audiendum
835 1639 920 1682 Dei
950 1641 1129 1682 verbum
1158 1656 1301 1689 nemo,
1331 1650 1402 1680 aut
1432 1639 1556 1694 pauci
1587 1641 1664 1682 ad-

241 1717 424 1757 modum
454 1727 612 1757 vacant.
674 1716 760 1757 Sed
792 1717 895 1772 quid
928 1733 1002 1758 vos
1037 1717 1089 1757 de
1121 1715 1473 1771 occupationibus
1506 1715 1665 1772 culpo?

243 1791 363 1845 Quid
394 1794 446 1833 de
475 1791 717 1835 absentibus
769 1792 1045 1848 conqueror?
1109 1792 1352 1834 Praesentes
1393 1792 1515 1833 etiam
1550 1805 1589 1834 ct
1618 1793 1661 1834 in

244 1866 416 1909 ccclesia
450 1867 577 1923 positi
606 1886 697 1911 non
729 1869 822 1911 estis
852 1869 1015 1919 intenti,
1044 1870 1117 1912 sed
1147 1885 1395 1910 communes
1416 1886 1463 1909 ex
1495 1887 1571 1911 usu
1600 1871 1663 1911 fa-

240 1944 364 1985 bulas
394 1944 536 1995 teritis,
566 1947 695 1987 verbo
728 1945 811 1988 Dei
840 1946 903 1987 vel
935 1946 1189 1987 lectionibus
1236 1943 1384 1986 divinis
1411 1956 1525 1997 terga
1557 1963 1662 1988 con-

242 2020 409 2062 vertitis.
475 2021 663 2072 Vereor,
709 2039 763 2063 ne
805 2033 843 2063 et
880 2021 1000 2064 vobis
1041 2022 1206 2064 dicatur
1243 2038 1265 2062 a
1310 2022 1503 2063 Domino
1542 2023 1662 2074 illud,

242 2099 361 2153 quod
392 2113 469 2153 per
497 2097 749 2154 prophetam
783 2099 943 2142 dictum
976 2111 1056 2142 est:
1092 2091 1481 2156 ‚,converterunt3)
1511 2101 1566 2141 ad
1594 2119 1664 2142 mc

243 2176 387 2224 dorsa,
429 2187 467 2216 ct
495 2192 585 2216 non
616 2175 739 2216 facies
769 2182 903 2218 suas.“
971 2176 1089 2231 Quid
1119 2175 1243 2227 igitur
1273 2193 1348 2229 ego
1378 2177 1557 2226 faciam,
1594 2179 1663 2219 cui

241 2251 518 2292 ministerium
550 2251 665 2293 verbi
694 2252 778 2294 Dei
816 2252 1022 2294 creditum
1064 2252 1150 2295 est?
1178 2251 1223 2307 4)
1293 2251 1417 2306 Quae
1465 2254 1660 2305 leguntur

242 2328 415 2385 mystica
444 2340 563 2378 sunt,
602 2327 645 2368 in
677 2329 911 2381 allegoricis
951 2329 1200 2384 exponenda
1239 2340 1338 2370 sunt
1375 2330 1657 2371 sacramentis.

242 2403 477 2446 Possumne
506 2405 660 2454 surdis,
707 2417 745 2445 et
789 2405 936 2446 aversis
976 2406 1147 2446 auribus
1186 2405 1375 2458 ingcrcrc
1406 2406 1660 2461 ‘margaritas

361 2583 406 2640 ¹)
435 2584 507 2628 Ev.
538 2586 696 2627 Joann.
729 2586 841 2637 VIII,
873 2587 938 2630 56.

360 2654 406 2708 ²)
435 2655 536 2697 Luc.
566 2654 665 2707 XII,
694 2657 761 2699 42.

359 2725 405 2780 ³)
440 2725 528 2768 Cfr.
558 2727 712 2768 Jerem.
746 2727 901 2778 XVIII,
934 2728 996 2771 17.

358 2794 404 2849 ⁴)
434 2796 709 2839 Desideratur
738 2802 846 2847 „cst“
878 2797 921 2838 in
953 2798 1047 2840 edd.
1082 2796 1143 2839 Μ.
