1764 3096
471 156 518 188 m
551 143 750 186 GENEsm
779 139 981 184 HommA
1010 141 1063 184 II.
1398 143 1482 188 145

56 271 125 301 tur
156 275 178 301 a
208 256 511 307 sacerdotibus,
543 267 582 297 ct
612 253 804 310 purgari:
834 265 1015 310 propter
1044 254 1147 294 hacc
1180 266 1303 304 ergo,
1348 264 1387 294 et
1417 254 1479 296 his

57 335 232 386 similia,
269 351 360 376 non
398 335 539 374 solum
576 331 869 388 tricamerata,
911 330 982 372 sed
1027 340 1079 373 ets
1097 328 1354 370 bicamerata
1384 345 1481 371 arca

59 413 315 461 contexitur,
355 422 402 452 ut
437 409 615 452 sciamus
654 408 699 449 in
729 406 946 463 scripturis
986 407 1136 448 divinis
1176 423 1266 448 non
1313 423 1483 462 semper

56 486 343 545 triplicem,¹)
379 485 477 541 quia
507 501 597 525 non
627 500 797 539 semper
836 501 916 526 nos
961 483 1133 526 historia
1163 482 1377 539 sequitur,
1407 485 1481 525 scd

55 566 268 608 interdum
298 561 479 618 duplicis
508 561 810 603 tantummodo
844 577 1014 602 sensum
1047 560 1321 616 expositionis
1350 560 1483 603 inser-

55 654 157 684 tum.
217 639 448 681 Tentemus
477 638 605 690 igitur
636 649 677 679 et
705 637 872 679 tertiam
912 637 1221 694 expositionem
1263 636 1482 689 disserere,

57 718 289 760 secundum
322 716 531 757 moralem
562 717 721 757 locum.
782 714 828 756 Si
859 714 950 770 quis
981 727 1063 766 est,
1096 716 1167 771 qui
1200 717 1482 759 crescentibus

54 792 196 843 malis,
239 804 279 833 et
308 791 617 834 inundantibus
648 791 753 833 vitiis
784 803 1031 833 convertere
1062 808 1105 834 se
1134 803 1274 847 potest
1302 808 1325 832 a
1357 793 1482 834 rebus

53 870 173 912 fluxis
206 881 244 911 ct
272 869 550 925 percuntibus
581 880 621 910 et
651 869 832 918 caducis,
864 880 904 910 et
934 869 1082 911 audire
1100 869 1276 910 verbum
1305 869 1402 919 Dei,
1434 885 1483 910 ac

54 958 282 1003 praecepta
316 947 533 988 coelestia:
565 945 633 987 hic
664 946 776 987 intra
808 962 884 987 cor
914 963 1039 987 suum
1063 962 1206 989 arcam
1238 944 1381 988 salutis
1413 961 1482 987 ae—

56 1024 212 1074 dificat,
245 1035 284 1064 et
313 1022 635 1073 bibliothecam,
664 1035 712 1065 ut
741 1023 800 1064 ita
831 1023 984 1074 dicam,
1012 1023 1122 1065 intra
1141 1040 1185 1066 se
1216 1022 1349 1065 divini
1378 1039 1483 1064 con-

54 1111 188 1142 secrat
215 1099 346 1150 verbi,
377 1101 687 1152 longitudinem
721 1100 765 1141 in
797 1115 857 1150 ca,
888 1111 928 1141 et
957 1099 1241 1148 latitudinem,
1271 1110 1312 1140 ct
1341 1099 1481 1140 altitu-

55 1177 214 1228 dinem,
241 1177 385 1227 fidem,
413 1194 547 1233 spem,
580 1177 883 1232 caritatemque
915 1177 1111 1219 collocat.
1157 1176 1312 1218 Fidem
1329 1175 1374 1231 ²)
1404 1176 1478 1217 tri-

53 1253 195 1295 nitatis
226 1255 280 1295 ad
309 1254 621 1306 longitudinem
651 1254 759 1296 vitae
788 1254 1240 1310 immortalitatemque
1272 1252 1482 1295 distendit.

54 1330 341 1372 Latitudinem
361 1330 406 1384 3)
438 1329 630 1380 caritatis,
661 1331 951 1382 indulgentiae
991 1342 1030 1371 et
1073 1329 1343 1382 benignitatis
1382 1332 1481 1371 fun-

57 1407 129 1448 dat
157 1408 323 1448 affectu.
395 1407 629 1449 Altitudine
656 1406 747 1463 spei
786 1423 829 1448 se
869 1409 924 1448 ad
963 1407 1158 1448 coelestia
1190 1406 1309 1459 erigit
1343 1418 1383 1447 et
1413 1423 1482 1448 ex-

58 1485 179 1526 celsa.
239 1484 380 1539 Super
410 1495 566 1524 terram
599 1484 712 1526 enim
744 1483 980 1533 ambulans,
1012 1482 1057 1524 in
1081 1483 1209 1525 coelis
1229 1483 1357 1524 habet
1378 1500 1484 1525 con—

55 1560 350 1602 versationem.
410 1560 633 1601 Summam
679 1577 779 1601 vero
824 1571 997 1600 actuum
1037 1575 1213 1600 suorum
1254 1560 1383 1601 refert
1426 1561 1482 1602 ad

55 1655 204 1679 unum.
263 1637 353 1678 Scit
383 1637 515 1687 enim,
557 1637 657 1692 quia
686 1652 866 1688 „omnes
883 1635 929 1691 4)
961 1635 1135 1691 quidem
1167 1647 1365 1686 currunt,
1405 1638 1481 1678 sed

55 1731 164 1756 unus
196 1713 350 1769 accipit
379 1714 616 1769 palmam‚“
655 1713 814 1754 scilicet
847 1712 920 1768 qui
950 1712 1258 1766 cogitationum
1289 1712 1486 1755 varietate

59 1804 99 1834 et
135 1791 405 1834 instabilitate
444 1790 595 1831 mentis
644 1807 737 1832 non
776 1790 903 1833 fuerit
943 1790 1176 1846 multiplex.
1213 1809 1217 1813 ¹
1255 1790 1342 1832 Sed
1373 1791 1485 1832 hane

57 1868 367 1910 bibliothecam
396 1884 487 1909 non
519 1883 566 1908 ex
598 1867 827 1919 agrestibus
857 1879 898 1909 et
926 1867 1155 1924 impolitis,
1199 1867 1272 1909 sed
1303 1883 1351 1908 ex
1380 1884 1486 1931 qua,-

61 1945 189 1988 dratis
219 1957 260 1987 et
287 1945 523 1987 secundum
556 1945 775 1999 aequitatis
803 1945 960 1986 lineam
993 1944 1160 1986 directis
1201 1943 1405 1985 construit
1434 1944 1486 1985 li-

60 2022 171 2074 gnis:
201 2021 247 2063 id
280 2034 350 2072 est,
377 2037 468 2062 non
498 2020 778 2062 saecularium
810 2032 1048 2070 auctorum,
1078 2021 1154 2062 sed
1186 2036 1234 2061 ex
1263 2020 1485 2076 propheti-

62 2099 120 2140 cis
159 2109 285 2154 atque
324 2096 581 2151 Apostolicis
622 2096 925 2139 voluminibus.
992 2096 1080 2152 Ipsi
1121 2098 1233 2139 enim
1263 2108 1384 2150 sunt,
1413 2097 1486 2153 qui

179 2276 226 2333 ¹)
257 2276 370 2318 Edd.
404 2276 603 2318 Merlini:
633 2277 883 2333 simplicem.

177 2347 225 2402 2)
256 2345 373 2387 Libri
408 2356 529 2387 antea
563 2345 662 2387 editi
691 2346 751 2402 (e.
786 2364 820 2389 c
853 2347 948 2388 edd.
972 2346 1090 2403 ΜΛ)
1130 2347 1266 2399 „Fide
1295 2347 1489 2391 trinitatis

66 2406 119 2446 ad
148 2402 461 2454 longitudinem
504 2401 612 2443 vitae
646 2402 1102 2473 immortalitatemque
1141 2403 1410 2455 descendit,“
1449 2416 1490 2446 at

64 2461 165 2501 les.
206 2458 495 2507 Belvacensis,
532 2458 805 2510 Remigianus
847 2472 888 2501 et
927 2472 1010 2503 tres
1048 2459 1321 2503 Turonenscs
1359 2472 1406 2501 ut
1442 2460 1488 2501 in

65 2526 214 2557 nostro
254 2526 381 2556 textu.
450 2514 596 2556 Codex
637 2515 968 2559 Gemeticensis:
1005 2516 1186 2567 „Fidem
1217 2517 1410 2560 trinitatis
1442 2533 1490 2558 cx

66 2571 334 2623 longitudine
362 2570 469 2612 vitae
499 2570 902 2629 immortalitateque
931 2572 1141 2616 distendit.
1144 2578 1169 2597 “
1200 2574 1249 2614 R.

169 2638 233 2704 ‚³)
264 2640 381 2681 Libri
411 2652 532 2682 antea
564 2640 664 2683 editi
696 2641 755 2696 (v.
787 2659 823 2683 c.
855 2643 952 2683 edd.
982 2641 1090 2698 Ma)
1122 2641 1388 2692 „Latitudine
1420 2658 1490 2683 ca-

67 2696 213 2745 litatis,
240 2695 526 2748 indulgentiae
556 2709 595 2738 et
623 2697 889 2750 benignitatis
926 2700 1080 2741 fundat
1109 2699 1323 2739 alfectum.
1382 2698 1490 2739 Alti-

1 2766 8 2799 ὲ
69 2753 219 2795 tudine
248 2751 420 2850 spciRad
451 2754 649 2797 coelestia
689 2754 836 2808 erigit“
866 2767 967 2799 etc.·
957 2787 968 2809 ,
1005 2757 1079 2797 sed
1117 2755 1218 2798 Mss.
1257 2767 1303 2797 ut
1331 2753 1376 2797 in
1406 2771 1487 2797 no-

0 2831 11 2858 k2
70 2819 156 2851 stro
187 2819 298 2849 textu

4 2898 14 2953 ¹,
188 2876 234 2933 ⁴)
266 2877 284 2917 1
317 2876 416 2920 cor
446 2877 522 2929 ix,
550 2878 618 2921 24.

75 2953 297 2998 Omessms
329 2954 501 2999 OPERA.
533 2954 655 2997 Tom.
685 2955 797 2996 VIII.
1106 2957 1160 2999 10

10 3024 18 3057 t

10 3061 20 3096 t
