1764 3096
462 105 510 137 m
541 90 740 134 GENEsm
770 87 970 131 HommA
987 87 1063 130 XI.
1393 88 1478 133 225

61 225 190 266 aquas
219 206 393 255 venitur,
420 214 468 245 ut
495 202 766 244 inveniantur
796 215 998 256 sponsae:
1029 209 1069 240 et
1099 197 1268 240 ecclesia
1301 197 1469 240 Christo

57 286 103 327 in
131 287 296 327 lavacro
326 296 460 336 aquae
489 276 770 336 conjungitur.
831 277 979 326 Vides,
1017 285 1197 332 quantus
1226 290 1306 316 nos
1335 290 1472 316 sacra-

56 372 299 402 mentorum
328 358 522 398 cumulus
561 365 780 412 perurget,
816 364 973 409 quanta
1001 363 1119 402 sunt,
1170 367 1279 406 quae
1321 367 1474 392 occur-

57 447 166 485 runt,
197 434 406 489 explicare
432 450 523 474 non
552 448 796 488 possumus:
825 431 972 472 saltem
1002 428 1105 470 haec
1120 427 1297 469 incitare
1324 439 1365 470 te
1395 429 1470 469 de·-

56 514 158 554 bent
187 512 241 552 ad
271 510 543 560 audiendum,
575 510 628 550 ad
660 508 1023 556 conveniendum,
1061 518 1108 547 ut
1152 503 1277 547 etiam
1316 504 1351 547 si
1387 521 1470 546 nos

60 588 197 643 aliqua
227 603 308 642 pro
340 586 541 628 brevitate
568 585 915 632 transcurrimus,
954 595 1000 623 tu
1032 599 1128 624 cum
1158 583 1304 635 relegis
1335 593 1374 622 et
1402 597 1470 622 re-

60 664 200 720 quiris,
230 663 353 704 etiam
384 664 472 719 ipse
504 661 708 712 discutias,
741 672 779 702 et
807 658 1015 709 invenias,
1062 671 1174 701 certe
1213 659 1277 700 vel
1316 658 1359 700 in
1389 659 1469 700 ho-

58 758 150 782 rum
181 737 457 795 inquisitione
487 754 759 795 permaneas,
796 748 844 778 ut
882 748 921 777 et
958 747 998 777 te
1035 738 1212 778 verbum
1242 735 1325 777 Dei
1353 736 1471 777 inve-

60 818 178 859 niens
210 817 263 858 ad
306 832 458 871 aquam
491 827 692 866 assumat,
722 825 762 855 et
790 811 1024 870 conjungat
1052 811 1152 863 sibi,
1190 824 1238 853 ut
1278 813 1472 856 efficiaris

60 911 154 936 curn
198 910 248 936 eo
289 911 399 935 unus
437 892 606 949 spiritus
642 891 687 932 in
723 889 891 932 Christo
935 890 1037 931 Jesu
1076 889 1269 931 Domino
1309 901 1472 938 nostro,

59 970 125 1012 cui
157 982 215 1014 est
244 970 388 1025 gloria,
420 981 459 1012 et
488 969 715 1025 imperium
744 968 789 1010 in
818 967 984 1010 saecula
1006 968 1288 1009 saeculorum.
1319 967 1470 1007 Amen.

485 1362 904 1406 HOMILIA
964 1363 1040 1405 XI.

59 1463 128 1505 De
158 1477 223 1512 e0,
253 1462 371 1518 quod
402 1462 619 1502 Abraham
642 1460 841 1503 Ceturam
874 1459 1036 1516 accepit
1065 1475 1255 1509 uxorem,
1286 1471 1324 1501 et
1355 1462 1472 1516 quod

338 1538 451 1580 Isaac
482 1537 683 1579 habitavit
724 1538 777 1578 ad
806 1548 984 1593 puteum
1012 1535 1193 1577 visionis.

172 1654 210 1695 1.
241 1652 421 1707 Semper
449 1649 573 1691 nobis
614 1661 779 1690 sanctus
809 1648 965 1689 Paulus
1005 1648 1238 1703 Apostolus
1281 1649 1471 1690 occasio-

60 1747 131 1773 nes
160 1730 337 1786 praebet
365 1726 662 1780 intelligentiae
691 1724 930 1782 spiritualiS,
960 1735 1001 1766 et
1029 1741 1161 1780 pauca
1194 1724 1302 1775 licet,
1331 1737 1476 1768 tamen

59 1805 292 1849 necessaria
320 1803 516 1846 studiosis
548 1802 729 1845 ostendit
757 1801 937 1852 indicia,
966 1802 1118 1858 quibus
1150 1803 1268 1858 quod
1297 1802 1362 1844 lex
1390 1804 1476 1860 spi-

62 1883 220 1926 ritualis
249 1881 313 1931 sit,
342 1881 384 1923 in
419 1880 619 1923 omnibus
650 1891 913 1933 agnoscatur.
971 1879 1067 1936 Ipse
1096 1879 1222 1931 igitur
1252 1881 1305 1920 de
1335 1882 1473 1922 Abra-

62 1961 161 2001 ham
193 1971 233 2001 et
263 1959 367 2000 Sara
398 1960 613 2014 disputans
644 1959 832 2013 quodam
863 1957 962 1998 loco
994 1956 1068 1997 ait:
1105 1955 1294 2010 „non,²)
1325 1955 1477 2012 inquit,

62 2037 299 2078 infirmatus
329 2036 415 2076 fide
444 2033 725 2075 consideravit
752 2050 876 2074 suum
908 2049 1063 2088 corpus
1093 2043 1348 2083 emortuum,
1380 2050 1478 2074 cum

63 2115 154 2155 fere
185 2124 353 2154 centum
387 2128 597 2153 annorum
630 2121 744 2160 esset,
776 2120 817 2150 et
849 2121 1088 2151 emortuam
1118 2110 1284 2150 vulvam
1310 2109 1478 2151 Sarae.“

67 2189 196 2230 Hunc
233 2204 346 2241 ergo,
377 2205 504 2244 quem
533 2188 605 2229 ille
636 2186 735 2228 dicit
767 2185 950 2227 emortui
981 2185 1176 2241 corporis
1206 2186 1252 2227 in
1281 2199 1479 2229 centena-

65 2267 128 2309 rio
160 2283 370 2308 annorum
403 2281 582 2306 numero
613 2264 759 2314 fuisse,
799 2275 839 2304 et
867 2263 982 2305 Isaac
1021 2261 1151 2315 magis
1189 2263 1340 2305 virtute
1367 2264 1481 2316 fidei,

0 2353 2 2365 '
45 2359 192 2399 ⁴quam
224 2340 418 2397 corporis
448 2340 735 2382 foecunditate
764 2339 977 2393 genuisse,
1018 2337 1237 2396 Scriptura
1265 2357 1381 2382 nunc
1412 2358 1477 2382 re-

0 2978 11 3096 -p-‹wf-s
2 2915 8 2946 -.-
2 2894 3 2897 „
2 2830 7 2878 «ΓΑ

66 2421 147 2461 fert
177 2416 386 2473 accepisse
419 2434 594 2459 uxorem
627 2417 827 2459 Ceturam
866 2416 1067 2466 nomine,
1113 2427 1152 2457 et
1195 2417 1304 2458 filios
1345 2434 1392 2458 ex
1433 2433 1480 2459 ea

66 2496 275 2552 plurimos
313 2494 524 2547 genuisse,
570 2511 666 2536 cum
705 2495 793 2536 sere
832 2504 1000 2535 centum
1039 2492 1207 2546 triginta
1245 2505 1286 2535 et
1320 2506 1481 2551 septem

71 2573 283 2615 videretur
313 2588 539 2616 annorum.
605 2572 715 2613 Nam
755 2571 860 2613 Sara
899 2583 1007 2612 uxor
1049 2568 1136 2627 ejus
1167 2570 1314 2612 decem
1346 2571 1399 2612 ab
1431 2587 1481 2612 eo

59 2649 190 2692 -annis
219 2647 365 2703 junior
393 2648 600 2698 scribitur,
624 2664 732 2704 quae
760 2647 988 2691 centesimo
1012 2647 1208 2690 vicesimo
1236 2659 1275 2689 et
1303 2649 1481 2704 septImo

192 2830 236 2886 ¹)
266 2830 394 2876 Rom,
425 2830 497 2881 IV,
528 2830 592 2872 19.

80 2906 301 2981 Omonms
332 2906 489 2949 OPERA
521 2906 640 2949 ΤοΜ.
660 2906 772 2949 VIII.
1107 2905 1162 2947 15
