1764 3096
430 111 476 141 m
510 97 705 139 GENESm
735 96 934 141 HommA
958 97 1072 139 xlv.
1375 96 1460 140 253

49 211 311 270 temporibus
342 222 380 254 et
412 210 559 261 causis,
588 206 886 268 mysteriorum
916 208 1069 260 figuras
1101 206 1226 261 egisse
1257 210 1458 251 credendi

49 302 164 333 sunt:
198 290 302 331 sicut
335 298 374 329 et
402 302 518 327 nunc
548 285 639 326 fieri
668 283 711 325 in
741 284 855 324 Isaac
885 284 1094 335 videmus,
1136 286 1189 326 de
1233 301 1319 341 quo
1351 285 1455 326 reci-

49 378 181 408 tatum
224 376 283 405 est
313 363 458 405 nobis:
498 360 814 415 ‚,adscendit,¹)
853 360 1010 417 inquit,
1047 361 1147 404 inde
1187 363 1240 402 ad
1277 374 1455 417 puteum

45 441 295 499 juramenti,
341 452 381 482 et
411 440 604 497 apparuit
644 438 679 480 ei
719 436 933 478 Dominus
977 450 1102 479 nocte
1141 437 1233 488 illa,
1266 451 1305 480 et
1335 439 1458 481 dixit:

12 523 15 525 ’
44 519 136 571 Ego
168 535 261 560 sum
291 518 408 559 Deus
441 518 656 558 Abraham
686 514 814 570 patris
844 514 917 563 tui,
948 515 1039 556 noli
1078 515 1235 557 timere.
1295 515 1457 558 Tecum

45 596 157 637 enim
189 612 293 644 sum,
327 607 366 637 et
395 594 643 635 benedicam
672 603 725 641 te,
757 602 797 632 et
826 591 1119 647 multiplicabo
1151 609 1293 634 semen
1323 607 1458 645 tuum,

42 685 218 729 propter
250 673 464 713 Abraham
495 682 657 726 patrem
686 673 847 709 tuum.“
906 667 1042 724 Hujus
1081 670 1195 710 Isaac
1235 672 1336 712 duas
1374 690 1456 713 no—

42 751 106 791 bis
137 750 288 802 figuras
321 747 511 802 exposuit
541 746 772 802 Apostolus
802 745 982 785 Paulus:
1001 745 1045 798 2)
1076 763 1228 797 unam,
1270 765 1352 803 qua
1392 750 1456 790 di·-

41 825 110 875 xit,
143 827 259 881 quod
297 826 446 866 Ismael
489 824 684 879 quidem,
726 822 836 864 filius
866 824 996 875 Agar,
1034 824 1186 878 populi
1223 827 1457 868 secundum

12 919 15 926 Χ
43 919 224 953 carnem,
258 902 370 943 Isaac
399 917 498 942 vero
530 901 704 956 populi,
745 898 816 955 qui
858 916 903 939 ex
943 900 1028 940 fide
1060 911 1139 950 est,
1179 902 1363 943 sormam
1394 915 1455 944 te-

40 991 134 1020 net:
180 991 219 1020 et
257 978 405 1027 aliam,
444 994 526 1033 qua
569 977 644 1017 ait:
684 976 860 1030 ‚‚non³)
902 976 1025 1018 dixit:
1066 989 1105 1017 et
1121 974 1165 1032 4)
1206 977 1455 1019 seminibus:

42 1054 159 1111 quasi
187 1055 231 1095 in
261 1052 417 1105 multis,
448 1055 544 1095 sed:
586 1053 734 1094 semini
773 1066 867 1095 tuo:
912 1066 1115 1109 tanquam
1146 1054 1191 1094 in
1229 1072 1343 1105 uno,
1384 1057 1456 1112 qui

44 1144 103 1173 est
135 1131 363 1173 Christus.“
422 1132 559 1172 Tenet
590 1147 688 1183 ergo
720 1132 834 1172 Isaac
866 1130 1018 1186 populi
1048 1131 1238 1183 figuram,
1271 1145 1311 1173 et
1333 1133 1455 1175 Chri-

40 1208 102 1251 sti.
166 1208 380 1249 Christum
412 1219 552 1248 autem
583 1219 785 1264 tanquam
818 1209 1007 1249 Verbum
1038 1208 1142 1258 Dei,
1184 1226 1273 1250 non
1313 1211 1454 1251 solum

37 1286 81 1327 in
111 1285 345 1338 Evangeliis
374 1285 506 1341 loqui,
537 1286 609 1326 sed
642 1297 681 1326 et
710 1285 752 1326 in
783 1286 873 1338 lege
904 1297 1066 1326 certum
1108 1297 1168 1327 est
1197 1297 1238 1327 et
1265 1288 1454 1342 prophe-

37 1363 100 1404 tis.
182 1364 342 1403 Verum
382 1362 424 1403 in
467 1364 556 1416 lege
585 1362 855 1418 incipientes,
894 1363 939 1403 in
968 1363 1205 1416 Evangeliis
1244 1366 1455 1419 perfectos

39 1441 176 1481 docet.
236 1440 293 1480 Et
322 1441 437 1480 Isaac
472 1456 569 1493 ergo
602 1441 785 1482 formam
815 1456 928 1480 nunc
959 1440 1112 1492 Verbi,
1145 1441 1262 1496 quod
1291 1442 1335 1483 in
1364 1442 1455 1494 lege

37 1517 102 1557 vel
131 1515 350 1573 prophetis
383 1529 452 1566 est,
485 1528 608 1558 tenet.

150 1595 187 1635 2.
220 1593 541 1649 „Adscendit⁵)
581 1593 707 1646 igitur
747 1593 861 1634 Isaac
904 1595 956 1634 ad
997 1606 1176 1648 puteum
1215 1592 1455 1651 juramenti,

39 1683 79 1713 et
109 1670 304 1727 apparuit
332 1670 393 1710 illi
423 1670 649 1712 Dominus.
699 1669 1032 1712 Adscensionem
1053 1671 1152 1724 legis
1175 1682 1212 1712 et
1242 1683 1338 1711 ante
1367 1670 1454 1728 jam

39 1748 215 1790 diximus
250 1758 447 1788 ornatum
480 1747 627 1802 templi
659 1764 758 1798 esse,
791 1759 830 1787 et
861 1764 1023 1797 eorum,
1051 1764 1158 1804 quae
1177 1748 1282 1789 inibi
1313 1748 1453 1790 divina

36 1826 289 1878 gerebantur
320 1824 534 1881 obsequia.
590 1825 736 1866 Potest
768 1836 806 1865 et
835 1837 1106 1877 augmentum
1144 1827 1453 1882 prophetarum

35 1903 135 1955 legis
166 1901 384 1943 adscensio
417 1900 649 1943 nominari:
696 1914 736 1943 et
765 1913 992 1957 propterea
1033 1903 1144 1943 forte
1184 1904 1236 1943 ad
1276 1916 1453 1958 puteum

35 1978 263 2035 juramenti
293 1977 555 2019 adscendisse
586 1978 760 2028 dicitur,
803 1990 842 2019 et
871 1978 930 2019 ibi
961 1978 1201 2034 apparuisse
1232 1977 1269 2018 ei
1299 1978 1452 2020 Domi-

36 2073 128 2097 nus.
204 2057 313 2096 )Nam
354 2071 430 2110 per
467 2055 697 2111 prophetas
738 2054 889 2112 juravit
906 2055 950 2110 ὃ)
1000 2054 1235 2105 Dominus,
1285 2067 1324 2096 et
1361 2073 1451 2098 non

35 2131 283 2188 poenitebit,
315 2134 432 2187 quod
462 2133 552 2187 ipse
580 2132 630 2172 sit
664 2133 858 2173 sacerdos
895 2131 939 2173 in
969 2144 1187 2173 aeternum
1217 2134 1452 2175 secundum

39 2208 234 2251 ordinem
263 2207 591 2251 Melchisedech.
650 2209 719 2249 Ad
751 2220 928 2265 puteum
958 2226 1055 2262 ergo
1085 2207 1311 2266 juramenti
1340 2210 1450 2252 visus

38 2297 98 2326 est
128 2285 165 2326 ei
197 2285 337 2334 Deus,
382 2286 523 2326 futura
563 2285 606 2325 in
648 2302 698 2326 eo
739 2285 945 2341 promissa
983 2287 1250 2329 confirmans.
1307 2287 1450 2342 „Et⁷)

10 2361 360 2404 ‚aedificavit-ibi
392 2363 521 2403 altare
551 2362 688 2413 Isaac,
736 2375 775 2404 et
812 2363 1021 2405 invocavit
1060 2380 1219 2405 nomen
1257 2364 1451 2414 Domini,

40 2451 78 2479 et
107 2439 195 2480 fixit
221 2438 280 2478 ibi
311 2440 631 2481 tabernaculum
662 2457 797 2482 suum.
841 2441 1067 2483 Foderunt
1085 2452 1226 2483 autem
1246 2441 1306 2483 ibi
1326 2441 1449 2499 pueri

156 2633 200 2687 ¹)
236 2634 386 2676 Genes.
415 2635 573 2686 XXVI,
602 2638 666 2681 23.
697 2639 764 2680 24.

156 2703 202 2757 2)
234 2703 321 2745 Csr.
354 2704 489 2748 Galat.
519 2706 591 2756 IV,
621 2708 687 2750 22.
717 2724 831 2764 seqq.
952 2708 999 2764 3)
1030 2707 1167 2750 Galat.
1196 2708 1270 2757 III,
1299 2708 1365 2752 16.

158 2772 204 2826 ⁴)
233 2773 343 2814 Edd.
372 2774 566 2817 Merlini:
602 2793 662 2819 ex.
781 2777 825 2832 ⁵)
859 2778 1010 2820 Genes.
1040 2777 1200 2828 XXVI,
1227 2778 1294 2822 23.
1323 2778 1391 2821 24.

156 2840 202 2895 ⁶)
230 2841 384 2886 Psalm.
418 2843 508 2896 CX,
537 2846 573 2890 4·
694 2845 738 2902 ⁷)
773 2846 923 2892 Genes.
954 2848 1113 2901 XXVI,
1142 2849 1211 2893 25·
