1764 3096
260 95 345 137 272
867 90 1086 134 Omanms

264 207 566 267 Aegyptiorum
603 204 795 254 servitus,
826 204 1114 256 agnoscimus,
1148 196 1257 260 *quia
1287 201 1442 245 servire
1471 203 1683 262 Aegyptiis

264 303 352 326 non
385 285 499 325 aliud
533 295 602 332 est,
634 299 763 338 quam
797 283 1028 324 obnoxium
1073 282 1165 322 fieri
1197 281 1435 322 carnalibus
1475 280 1606 330 vitiis,
1647 292 1684 321 et

265 363 546 404 daemonibus
577 376 662 401 csse
691 358 937 417 subjeetum.
997 361 1044 400 ln
1077 360 1196 415 quod
1226 358 1373 414 utique
1395 372 1683 412 unumquem-

264 457 346 496 que
376 457 465 481 non
507 438 758 479 extrinsecus
796 438 911 479 illata
942 438 1161 479 necessitas
1210 436 1342 487 cogit,
1394 436 1467 476 sed
1495 433 1686 487 segnities

263 518 414 567 animi,
454 528 491 557 et
530 515 665 556 libido
699 531 746 556 ac
787 515 980 570 voluptas
1033 513 1225 569 corporis
1265 511 1500 567 subigit,¹)
1543 511 1611 552 cui
1642 527 1686 552 se

263 596 427 637 animus
459 610 536 649 per
562 593 810 634 socordiam
842 592 996 633 subdit.
1046 590 1133 644 Qui
1159 607 1258 632 vero
1283 589 1485 631 libertatis
1517 589 1685 630 animae

262 689 406 714 curam
439 670 563 723 gerit,
602 682 640 710 et
679 668 921 721 dignitatem
962 669 1113 709 mentis
1155 667 1383 722 coelesti2)
1429 667 1685 718 cognatione

260 749 482 797 nobilitat,
527 747 604 789 iste
643 763 690 787 ex
727 745 822 787 filiis
861 746 988 787 Israel
1029 758 1098 787 est.
1168 744 1256 799 Qui
1287 745 1447 786 etiamsi
1477 743 1686 785 violenter

265 825 534 882 opprimatur
572 824 625 863 ad
654 835 845 878 ternpus,
883 839 971 863 non
1012 835 1154 864 tamen
1195 823 1433 863 libertatem
1476 838 1598 863 suam
1637 820 1683 861 in

263 915 517 959 perpetuum
549 900 769 957 pe1·‹]et.³)
829 900 1030 956 Denique
1072 912 1111 941 et
1150 900 1346 942 Salvator
1386 909 1531 940 noster
1551 896 1595 952 ⁴)
1631 898 1684 937 de

262 982 455 1022 libertate
487 992 525 1020 et
554 978 750 1020 servitute
779 977 824 1017 in
854 977 1085 1030 Evangelio
1119 977 1346 1026 disserens,
1382 976 1438 1016 ita
1470 974 1683 1030 loquitur:

260 1055 502 1107 ‚,omnis,⁵)
531 1053 680 1108 inquit,
711 1053 785 1109 qui
815 1065 975 1109 peccat,
1004 1070 1144 1094 servus
1181 1066 1240 1095 est
1269 1054 1468 1110 peccati.“
1525 1052 1578 1093 Et
1608 1052 1684 1092 ite-

263 1150 357 1174 rum
391 1132 513 1173 dicit:
543 1131 660 1185 ‚,si⁶')
694 1130 929 1171 manseritis
959 1132 1002 1170 in
1034 1131 1163 1171 verbo
1194 1147 1314 1180 meo,
1352 1130 1582 1182 agnoscetis
1613 1146 1683 1170 ve-

262 1212 443 1259 ritatem,
474 1221 512 1250 et
541 1208 690 1249 veritas
722 1209 878 1248 liberos
908 1206 1032 1247 faciet
1067 1212 1180 1248 vos.“
1230 1207 1363 1261 Quod
1386 1209 1419 1249 si
1452 1208 1542 1263 quis
1572 1209 1684 1249 forte
1728 1208 1729 1211 ¹

263 1288 375 1328 dicat
413 1286 563 1334 nobis,
600 1287 823 1341 quomodo
866 1301 963 1337 ergo
1004 1300 1082 1339 per
1117 1284 1281 1340 Joseph
1322 1287 1461 1327 omnis
1497 1297 1607 1327 terra
1638 1284 1683 1324 in

260 1364 568 1420 posqessionem
598 1363 778 1403 traditur
807 1360 1056 1403 Pharaoni?
1115 1361 1230 1417 Et7)
1271 1364 1409 1406 omnis
1450 1364 1523 1405 ista
1554 1362 1682 1405 servi-

261 1455 338 1492 tus,
371 1458 498 1497 quam
528 1440 720 1496 superius
751 1440 1034 1495 exposuimus,
1065 1457 1110 1481 ex
1139 1441 1306 1496 peccati
1329 1441 1575 1483 conditione
1593 1457 1684 1482 sus-

263 1532 403 1575 cepta,
457 1519 682 1574 quomodo
731 1534 809 1573 per
848 1529 1038 1559 sanctum
1079 1518 1213 1559 virum
1254 1518 1487 1560 ministrata
1528 1518 1684 1560 dicitur

262 1595 509 1639 Pharaoni?
567 1596 798 1638 Possumus
839 1596 892 1635 ad
932 1595 1035 1636 haec
1064 1597 1336 1651 respondere,
1383 1597 1561 1653 quod8)
1592 1596 1682 1652 ipse

263 1676 510 1730 Scripturae
539 1689 680 1714 sermo
715 1685 880 1714 excusat
906 1673 1039 1713 sancti
1062 1672 1138 1713 viri
1162 1673 1455 1724 ministerium,
1488 1691 1585 1715 cum
1618 1672 1682 1714 di-

264 1753 332 1803 cit,
363 1750 542 1807 quod9)
578 1762 708 1792 semet
737 1750 850 1805 ipsos
881 1748 1164 1790 vendiderunt
1192 1750 1409 1809 Aegyptii,
1447 1763 1486 1792 et
1515 1767 1679 1806 posses-

262 1831 403 1872 siones
433 1845 538 1871 suas.
597 1828 698 1867 Non
731 1841 828 1878 ergo
861 1827 913 1868 ad
946 1825 1256 1880 dispensantem
1283 1829 1407 1884 culpa
1439 1828 1681 1876 reflectitur,

263 1908 337 1949 ubi
380 1907 507 1958 digna
547 1904 885 1960 dispensatorum
934 1902 1091 1945 meritis
1128 1904 1419 1959 providentur.
1492 1906 1680 1947 Invenies

383 2089 425 2144 ¹)
456 2088 571 2128 Alias
601 2088 659 2142 (v.
693 2104 725 2127 e.
757 2087 799 2127 in
831 2087 927 2127 cdd.
950 2085 1056 2141 M.):
1096 2087 1307 2138 ‚,subegit‚
1347 2087 1414 2127 cui
1444 2103 1487 2128 se
1516 2086 1679 2129 animus

261 2164 340 2203 per
373 2144 651 2187 concordiam
684 2144 864 2185 subdit.“
932 2146 990 2185 At
1019 2142 1117 2184 Mss.
1148 2155 1195 2184 ut
1223 2143 1267 2183 in
1296 2154 1442 2185 nostro
1471 2155 1593 2185 textu.
1628 2143 1678 2184 R.

379 2215 425 2269 2)
458 2215 573 2255 Editi
604 2216 662 2269 (v.
695 2231 728 2255 c.
761 2215 842 2255 edd
875 2213 982 2268 M.):
1013 2213 1209 2263 „coelesti
1239 2213 1493 2265 cogitatione
1521 2212 1678 2255 nobili-

263 2279 358 2316 tat.“
388 2272 511 2314 Mss.:
541 2271 741 2320 „coelesti
773 2271 1026 2322 cognatione
1057 2269 1294 2311 nobilitat.“
1324 2269 1373 2310 R.

380 2342 424 2398 3)
457 2342 565 2382 Edd.
597 2341 791 2382 Merlini:
822 2341 973 2394 perdit.

378 2413 425 2470 ⁴)
456 2413 587 2454 Deest
612 2415 807 2460 ,‚noste1·“
834 2411 879 2451 in
909 2411 1003 2451 edd.
1034 2410 1095 2451 M.

381 2485 426 2539 5)
455 2484 527 2524 Ev.
561 2483 718 2523 Joann.
749 2480 862 2530 VIII,
895 2480 960 2524 34.
1091 2480 1136 2535 ⁶)
1167 2479 1240 2521 Ev.
1274 2481 1433 2522 Joann.
1465 2480 1580 2531 VIII,
1607 2482 1676 2524 32.

381 2554 424 2610 7)
454 2554 515 2595 Ita
545 2553 647 2593 B'Iss.
677 2550 791 2592 Alias
822 2567 921 2591 vero
962 2552 1021 2606 (e.
1053 2568 1087 2592 c.
1118 2551 1161 2592 in
1194 2551 1289 2592 edd.
1321 2551 1430 2599 MJ:
1469 2552 1549 2601 „Et
1579 2569 1675 2593 cum

265 2613 402 2656 omnis
430 2612 507 2652 ista
545 2611 740 2655 servitus,
771 2631 847 2655 —‚
895 2622 941 2648 ex
984 2609 1147 2663 peccati
1185 2608 1432 2649 conditione
1471 2620 1677 2664 suscepta,

261 2687 340 2727 per
369 2670 478 2709 hanc
507 2664 789 2720 temporalem
805 2663 1042 2705 servitutem
1058 2664 1324 2715 significatur,
1356 2665 1581 2720 quomodo
1599 2681 1676 2720 per

261 2738 452 2769 sanctum
482 2723 621 2763 virum
649 2720 694 2761 in
724 2720 963 2763 servitutem
1003 2720 1139 2762 omnis
1176 2733 1287 2762 terra
1324 2721 1535 2763 addicitur
1563 2721 1676 2763 Pha-

264 2780 418 2825 raoni?
450 2780 707 2821 Possumus“
737 2788 810 2817 etc.
847 2777 898 2817 R.

378 2851 425 2906 8)
454 2850 564 2893 Edd.
592 2847 789 2891 Merlini:
819 2846 927 2904 quia.
1047 2847 1094 2904 ⁹)
1123 2847 1235 2892 Edd.
1263 2847 1459 2892 Merlini:
1492 2846 1600 2903 quia.
