1764 3096
500 645 1095 711 ORIGENIS1)

766 783 824 812 IN

210 897 722 960 GENESIN
792 896 1380 959 HOMILIAE.

442 1155 800 1198 HOMILIA
860 1155 1138 1198 PRIMA.

151 1238 284 1295 De2)
316 1250 413 1280 ortu
442 1240 609 1291 mundi,
639 1252 680 1282 et
709 1257 871 1290 eorum,
903 1257 1011 1296 quae
1041 1240 1086 1282 in
1117 1240 1282 1282 mundo
1316 1251 1424 1281 sunt.

83 1388 120 1430 1.
152 1338 244 1432 „In
260 1378 306 1434 ³)
344 1376 558 1434 principio
575 1377 621 1434 ⁴)
660 1379 814 1420 creavit
853 1380 971 1422 Deus
1014 1381 1185 1427 coelum
1228 1391 1266 1420 et
1302 1383 1499 1420 terram.“

14 1448 19 1449 ⁷
84 1463 218 1517 Quod
250 1475 307 1505 est
338 1464 530 1505 omnium
570 1465 853 1520 principium,
889 1464 971 1506 nisi
1000 1463 1219 1505 Dominus
1256 1474 1418 1513 noster,
1457 1473 1499 1503 et

81 1540 277 1581 Salvator
309 1540 501 1581 omnium
522 1540 712 1583 Christus
730 1542 866 1592 Jesus,
894 1540 1202 1597 primogenitus
1222 1539 1360 1580 omnis
1381 1555 1496 1580 crea-

79 1615 230 1658 turae?
289 1617 338 1658 In
376 1618 461 1658 hoc
501 1633 600 1669 ergo
639 1617 877 1674 principio,
916 1617 1003 1658 hoc
1032 1627 1112 1666 est,
1150 1616 1196 1657 in
1224 1616 1371 1657 Verbo
1402 1633 1497 1665 suo,

77 1692 197 1734 Deus
228 1695 394 1735 coelum
426 1706 465 1736 et
491 1706 648 1736 terram
680 1693 803 1735 fecit:
848 1694 955 1735 sicut
993 1704 1034 1734 et
1062 1693 1327 1745 Evangelista
1357 1694 1494 1735 Joan—

76 1787 150 1811 nes
178 1769 221 1810 in
260 1770 380 1812 initio
421 1771 642 1822 Evangelii
679 1771 743 1812 sui
784 1770 861 1821 ait,
905 1771 1072 1813 dicens:
1111 1770 1244 1825 „in⁵)
1279 1769 1493 1827 principio

76 1859 166 1888 erat
193 1848 394 1898 verbum,
442 1859 482 1889 et
509 1849 687 1890 verbum
719 1859 807 1889 erat
836 1848 953 1905 apud
982 1847 1151 1898 Deum,
1188 1859 1228 1889 et
1255 1848 1375 1890 Deus
1405 1859 1495 1889 erat

73 1926 264 1967 verbum.
323 1925 420 1967 Hoc
449 1937 536 1967 erat
564 1925 608 1967 in
637 1925 851 1982 principio
885 1926 1000 1981 apud
1029 1925 1187 1966 Deum.
1236 1923 1396 1966 Omnia
1415 1940 1494 1981 per

191 2076 236 2122 ¹)
269 2076 461 2119 Collatae
490 2088 587 2120 sunt
616 2079 697 2119 hae
728 2077 933 2119 homiliae
965 2095 1060 2120 cum
1091 2079 1193 2120 Mss.
1230 2078 1366 2120 tribus
1398 2078 1488 2119 Tu-

73 2133 348 2183 ronensibus‚
391 2145 517 2189 atque
553 2152 642 2176 uno
680 2134 1057 2187 sangermanensi,
1097 2153 1186 2176 uno
1227 2134 1490 2183 deacensi,

16 2202 20 2204 ’
72 2206 160 2231 uno
201 2190 506 2240 Gemeticensi,
555 2208 644 2232 uno
687 2191 939 2241 Rhemensi,
986 2203 1028 2232 et
1069 2191 1202 2233 altero
1243 2191 1489 2234 monasterii

24 2255 29 2258 ⁴
69 2246 201 2287 sancti
223 2246 486 2287 Theodoreti
505 2263 644 2303 prope
666 2247 866 2289 Rhemos.
887 2248 1002 2288 R.-
1032 2247 1207 2290 Exstant
1228 2250 1400 2289 eaedem
1423 2249 1486 2290 ed.

69 2301 205 2344 Ruaei
237 2303 364 2345 Tom.
393 2303 446 2343 II.
478 2320 499 2344 a
530 2319 623 2357 pag.
655 2304 864 2347 52—110.
897 2305 995 2347 coll.
1027 2305 1122 2346 edd.
1144 2305 1329 2347 Merlini.
1359 2305 1486 2346 Torn.

70 2357 101 2398 I.
130 2375 153 2399 a
184 2359 279 2400 Fol.
310 2358 603 2401 I—XXVlll.

183 2429 230 2484 2)
259 2429 309 2470 In
341 2429 451 2475 Cod,
480 2429 727 2473 Belvacensi
756 2431 902 2474 titulus
943 2443 1021 2475 est:
1065 2431 1136 2472 De
1164 2429 1285 2473 initio
1319 2442 1483 2472 creatu-

67 2501 211 2526 rarum
240 2486 335 2527 Dei.
366 2487 416 2527 R.

184 2555 230 2608 ³)
263 2555 413 2598 Genes.
443 2557 475 2608 Ῐ,
507 2558 544 2600 1.

184 2623 230 2675 ⁴²)
258 2624 307 2665 In
338 2626 496 2670 Catena
529 2629 735 2677 Romana,
768 2629 922 2685 triplici
952 2629 1097 2683 Regia,
1128 2640 1167 2670 et
1197 2629 1338 2675 altera,
1372 2643 1481 2681 quae

67 2679 146 2721 fuit
184 2679 420 2725 cardinalis
455 2684 676 2735 mazarini,
713 2686 756 2727 in
806 2686 920 2727 hunc
968 2703 1133 2728 versum
1180 2687 1256 2727 sub
1306 2683 1481 2724 nomine

64 2735 272 2779 Ἀκακίου
302 2737 471 2791 legitur:
503 2739 525 2784 ὁ
558 2742 608 2785 δὲ
635 2742 866 2801 Ὠριγένης
895 2739 959 2785 τό·
999 2744 1082 2797 ,,ἕν
1122 2742 1286 2801 ἀρχῇ·“
1317 2736 1480 2795 βούλε-

70 2809 137 2835 ται
169 2793 270 2835 ἀντὶ
299 2796 395 2837 τοῦ·
428 2796 480 2839 ἓν
510 2801 670 2855 σοφία·
704 2803 902 2843 τουτέστι
932 2801 993 2856 τῷ
1028 2800 1107 2854 υἱῷ
1139 2799 1188 2839 R.

182 2864 227 2918 5)
257 2863 331 2906 Ev.
360 2865 515 2908 Joann.
548 2867 578 2918 Ι,
609 2869 646 2910 1.
677 2871 716 2913 2,
746 2870 783 2911 3.
