1764 3096
486 77 532 107 m
566 64 766 108 GENEsm
795 64 997 108 HommA
1018 64 1157 108 XVII.
1451 71 1534 115 293

107 179 224 220 Deus
256 178 431 218 verbum
463 194 585 219 suum
611 177 779 233 pullum
806 177 968 230 alligat:
998 177 1044 219 id
1070 188 1141 229 est,
1169 178 1383 234 populum
1403 196 1528 222 suum

104 253 324 311 conjungit
363 264 402 294 et
430 254 564 295 sociat
596 254 633 295 ei
665 254 1002 304 conversationi,
1043 271 1171 311 quam
1199 255 1291 311 ipse
1321 256 1452 310 exegit
1481 257 1527 298 in

105 346 251 371 carne:
282 341 328 371 ut
356 330 594 373 imitatione
623 331 750 387 ipsius
782 330 945 385 pullus,
976 330 1049 387 qui
1079 332 1134 374 ad
1162 332 1303 388 ipsum
1335 333 1526 384 alligatus

103 419 174 457 est,
207 407 413 448 efficiatur
443 424 539 449 cum
576 408 651 449 illo
698 419 737 448 et
766 405 876 448 filius
906 407 1013 458 Dei,
1058 420 1099 449 et
1140 409 1316 450 coheres
1356 408 1524 453 Christi.

101 483 326 525 Palmitem
356 500 471 534 vero,
504 486 557 525 de
590 500 674 540 quo
704 482 748 524 in
779 483 920 533 initiis,
952 485 1054 540 quid
1074 485 1338 537 significaret,
1366 486 1523 541 non¹)

99 560 384 616 exposuimus,
412 561 646 612 intelligere
674 577 900 616 possumus
927 561 1010 602 hoc
1040 564 1190 604 modo.
1240 563 1391 613 Fides„
1412 578 1523 620 quae

97 637 141 677 in
176 637 346 679 Christo
379 650 450 687 est,
480 650 519 679 et
547 637 776 693 praesentis
806 637 914 678 vitae
943 640 1131 690 regulam
1161 651 1296 690 tenet,
1336 651 1375 681 et
1404 642 1518 681 futu-

93 730 168 754 rae
196 714 286 770 spei
315 714 516 756 fiduciam
547 725 743 770 praestat.
802 713 906 755 Vitis
927 729 1026 765 ergo
1056 716 1164 756 illud
1184 717 1349 758 videtur
1378 729 1520 758 osten-

95 793 208 840 dere,
240 792 357 847 quod
391 791 547 832 Christi
576 791 620 832 in
653 808 778 832 carne
807 791 936 849 positi
968 804 1081 843 gesta
1103 791 1148 833 in
1176 792 1269 848 ipso
1302 796 1518 836 eredentes

93 868 322 910 imitantur.
366 868 534 911 Palmes
564 885 663 909 vero
694 869 802 910 illud
830 868 1088 922 intelligitur,
1120 871 1237 925 quod
1254 872 1416 926 palmes
1449 887 1516 911 ar-

91 946 191 987 bori
222 946 500 995 connectitur,
532 957 572 986 et
605 945 883 987 consu-matur
912 963 933 986 a
965 947 1100 1001 lapsu,
1132 963 1219 1002 quo
1254 947 1513 990 adminiculo

88 1025 219 1064 sretus
249 1034 396 1064 ventos
427 1039 475 1064 ae
506 1023 696 1063 turbines
728 1022 962 1064 contemnit
992 1034 1030 1063 et
1058 1024 1238 1079 respuit,
1267 1026 1513 1066 futurorum

89 1101 310 1140 honorum
341 1098 500 1140 indicat
525 1116 670 1155 spem:
704 1098 801 1154 quia
832 1099 977 1142 fideles
1010 1100 1168 1156 quique
1187 1117 1276 1142 non
1295 1103 1436 1143 solum
1466 1102 1512 1143 in

88 1175 165 1225 his,
198 1193 305 1231 quae
335 1188 506 1228 gerunt,
534 1177 607 1218 secl
639 1188 678 1218 et
708 1178 752 1218 in
784 1177 868 1227 his,
909 1193 1017 1233 quae
1046 1189 1219 1232 sperant
1250 1189 1288 1218 et
1319 1179 1511 1229 credunt,

87 1254 273 1295 futuram
324 1254 741 1295 consummationem
783 1254 925 1296 salutis
979 1266 1228 1310 exspectant.
1316 1254 1365 1295 In
1419 1271 1506 1310 quo

88 1330 207 1385 quasi
248 1329 362 1385 ad2)
406 1332 625 1386 quandam
669 1330 895 1387 patientiae
943 1333 1142 1374 arborem
1182 1347 1257 1387 spe
1295 1329 1430 1389 juncti
1471 1342 1510 1372 et

87 1407 342 1457 confirmati,
369 1408 649 1449 tentationum
681 1408 894 1463 procellas
915 1424 964 1449 ac
984 1409 1173 1450 turbines
1195 1409 1358 1448 ferunt:
1389 1409 1508 1463 quod

85 1486 140 1526 de
180 1484 386 1526 historiali
424 1485 537 1527 Juda
575 1484 842 1540 interpretari
881 1485 1000 1526 nulla
1045 1485 1150 1527 mihi
1193 1486 1299 1526 ratio
1341 1484 1508 1526 videtur

85 1578 209 1617 posse
237 1562 492 1617 permittere,
521 1561 600 1603 nisi
629 1561 818 1603 Judaicis
848 1561 1000 1604 fabulis
1040 1574 1272 1604 annuentes
1307 1574 1505 1618 putemus

80 1639 138 1680 ita
166 1655 290 1694 posse
320 1637 508 1690 intelligi,
536 1655 617 1693 pro
649 1654 715 1689 eo,
748 1639 864 1694 quod
895 1638 1042 1679 dicunt
1069 1650 1233 1694 partem
1265 1639 1398 1679 tribus
1425 1637 1505 1679 Ju-

83 1718 175 1766 dae,
207 1732 333 1772 quam
364 1715 408 1756 in
438 1725 577 1755 terrae
608 1714 839 1755 hereditate
868 1715 1070 1770 suscepit,
1099 1714 1156 1756 ita
1187 1715 1387 1755 refertam
1419 1730 1506 1756 esse

82 1793 222 1842 vineis,
252 1804 299 1833 ut
328 1802 531 1846 tanquam
562 1792 684 1833 nullo
719 1793 894 1833 alterius.
925 1793 1084 1843 generis
1124 1791 1321 1832 existente
1337 1792 1384 1846 3)
1420 1791 1504 1832 vir-

82 1871 197 1922 gulto
228 1880 341 1908 tauta
369 1868 462 1908 vitis
492 1884 579 1909 esse
608 1868 734 1924 copia
762 1868 975 1918 videatur,⁴
994 1880 1040 1909 ut
1063 1884 1116 1908 ne
1141 1867 1297 1908 animal
1328 1867 1502 1922 quidem

84 1945 284 1998 alligandi
315 1946 368 1985 ad
399 1944 515 1984 aliud
546 1960 675 1996 genus
708 1945 871 1986 arboris
893 1946 1016 1985 detur
1031 1945 1220 1985 facultas.
1270 1944 1357 1985 Sed
1383 1945 1500 1994 haec,

79 2038 125 2066 ut
156 2023 357 2071 diximus,
399 2020 575 2064 Judaiea
613 2019 742 2072 magis
779 2032 1019 2062 commenta
1059 2020 1338 2061 videbuntur:
1376 2020 1502 2062 nobis

80 2113 221 2143 autem
260 2098 454 2157 mystica,
495 2110 535 2138 et
573 2098 667 2153 plus
708 2097 832 2138 etiam
871 2098 904 2139 si
942 2098 1032 2138 sola
1079 2095 1152 2146 sit,
1192 2095 1393 2152 placet⁴)
1432 2114 1500 2138 ex—

79 2178 252 2235 positio.

190 2256 228 2297 8.
260 2252 519 2307 ‚,Lavabit⁵)
563 2253 607 2293 iu
648 2252 743 2293 vino
777 2253 928 2293 stolam
959 2266 1101 2299 suam,
1142 2262 1181 2291 et
1222 2248 1266 2290 in
1296 2246 1497 2299 sanguine

40 2326 45 2328 ³
78 2350 182 2373 uvae
214 2332 414 2372 amictum
444 2335 607 2371 suum.“
666 2329 936 2370 videbuntur
967 2340 1005 2369 et
1035 2328 1161 2377 haec,
1203 2337 1407 2382 quantum
1443 2325 1496 2365 ad

198 2479 239 2533 Ι)
272 2478 394 2520 Mss.:
423 2494 539 2530 „non
575 2475 882 2531 exposuimus.“
913 2474 1026 2515 Alias
1056 2475 1116 2528 (V.
1150 2489 1182 2514 e.
1214 2472 1258 2513 in
1289 2474 1385 2514 odd.
1409 2470 1494 2524 M.)

73 2539 191 2577 deest
219 2535 424 2590 particula
456 2538 614 2582 „n01J.“
646 2533 695 2573 R.

193 2605 238 2659 ²)
267 2604 378 2644 Edd.
419 2602 615 2644 hlerlini:
664 2603 717 2643 ad
765 2603 978 2657 quendam
1021 2600 1246 2656 patientiae
1296 2599 1494 2639 ardorem

79 2678 152 2718 spe
183 2660 314 2717 juncti
348 2671 423 2700 etc.

192 2731 239 2785 3)
269 2730 380 2771 Edd.
410 2728 603 2770 Merlini:
636 2728 822 2769 existenti
846 2755 893 2760 —-
924 2726 1044 2782 copia
1077 2725 1252 2774 videtur,
1282 2736 1397 2765 utne
1420 2736 1477 2766 cte

153 2798 157 2799 ⁷
195 2799 240 2855 ²²)
270 2799 378 2842 Edd2
410 2798 604 2841 Mcrlini:
639 2798 811 2853 placcat,
933 2797 979 2851 ⁵)
1012 2795 1117 2839 Gcn-
1151 2794 1303 2845 XLIX,
1334 2795 1383 2836 ll
