1764 3096
0 2733 3 2745 ·
56 2770 155 2812 εἰίυι
184 2771 234 2813 R.

473 106 519 135 m
551 93 747 134 GENEsm
777 90 977 134 HommA
1006 93 1078 136 lX.

1407 99 1488 139 100¹

496 285 923 331 HoMILlA
981 288 1058 335 IX,

167 388 234 426 De
265 384 663 440 repromissionibus
702 386 895 427 secundis
926 388 979 428 ad
1010 387 1225 429 Abraham
1259 390 1387 431 sactis.

181 497 401 552 Quantum
432 497 613 548 legentes
648 496 969 553 progredimur,
998 511 1162 541 tantum
1192 501 1319 542 nobis
1348 518 1485 543 sacra«

70 586 312 616 mentorum
344 576 537 616 cumulus
568 586 751 626 augetur.
809 575 865 616 Et
895 588 941 617 ut
980 576 1013 617 si
1042 577 1134 632 quis
1166 578 1313 630 exiguo
1346 592 1484 621 vectus

66 651 231 702 navigio
263 651 523 703 ingrediatur
551 668 687 701 mare,
729 653 866 693 donec
896 665 1029 693 terrae
1060 653 1219 695 vicinus
1246 668 1315 705 est,
1345 657 1483 698 minus

65 729 234 771 metuit:
267 746 364 770 cum
394 745 494 769 vero
526 730 729 783 paulatim
761 729 805 770 in
837 730 966 771 altum
998 729 1126 770 fuerit
1152 747 1415 786 progressus,
1446 747 1484 776 ct

67 807 190 849 undis
220 805 593 848 intumescentibus
615 807 677 847 vel
706 805 749 846 in
782 807 988 847 excelsum
1021 806 1156 847 attolli
1187 810 1390 863 coeperit,
1419 812 1483 851 vel

65 884 214 928 iisdem
245 883 557 926 dehiscentibus
587 882 631 922 in
661 883 745 924 ima
769 883 941 924 deduci:
974 883 1033 924 ibi
1057 900 1157 924 vero
1187 897 1372 927 mentem
1405 905 1484 942 pa-

66 979 143 1002 vor
171 962 316 1014 ingens
350 973 389 1001 ct
417 959 604 1001 formido
637 959 831 1016 percutit,
861 962 980 1015 quod
1012 961 1201 1014 exiguam
1233 976 1362 1005 ratem
1396 977 1480 1006 tam

65 1039 277 1080 immensis
306 1038 501 1079 fluctibus
532 1036 733 1079 credidit:
772 1037 829 1078 ita
869 1037 993 1078 ctiam
1032 1055 1111 1080 nos
1149 1039 1238 1092 pati
1277 1040 1483 1091 videmur,

65 1115 138 1170 qui
179 1115 314 1167 exigui
342 1114 522 1165 meritis,
561 1126 602 1155 et
640 1113 809 1166 ingenio
849 1125 1016 1165 tenues,
1051 1115 1160 1157 inire
1194 1128 1279 1158 tam
1321 1131 1480 1160 vastum

62 1193 357 1250 mysteriorum
387 1194 558 1248 pelagus
589 1192 804 1233 audemus.
878 1191 964 1232 Sed
993 1191 1049 1241 si,
1088 1193 1306 1236 orantibus
1349 1196 1481 1243 vobis,

63 1270 276 1311 Dominus
317 1270 513 1320 dignetur
541 1268 724 1324 Spiritus
761 1269 825 1311 sui
859 1269 992 1310 sancti
1029 1286 1176 1311 auram
1214 1272 1341 1312 nobis
1379 1289 1480 1327 pro-

62 1363 230 1401 speram
262 1348 376 1395 dare,
406 1348 592 1387 secundo
625 1346 741 1387 verbi
777 1364 900 1388 cursu
930 1359 1104 1402 portum
1134 1347 1276 1389 salutis
1305 1347 1481 1388 intrabi-

62 1441 167 1464 mus.
227 1423 457 1464 Videamus
488 1438 587 1474 ergo
627 1439 742 1463 nunc
780 1440 888 1479 quae
916 1437 1032 1473 sunt,
1077 1440 1187 1480 quae
1215 1425 1342 1466 nobis
1371 1425 1480 1466 reci-

61 1511 143 1540 tata
174 1511 283 1541 sunt.
340 1500 482 1552 ‚,Et¹)
523 1499 704 1548 vocavit,
733 1499 889 1555 inquit,
931 1502 1101 1552 angelus
1131 1501 1312 1542 Domini
1341 1503 1479 1542 Abra—

61 1578 159 1618 ham
189 1578 379 1619 secundo
411 1578 464 1617 de
493 1577 629 1626 coelo,
661 1576 825 1617 dicens:
862 1593 940 1632 per
978 1588 1136 1617 memet
1162 1577 1302 1632 ipsum
1332 1577 1481 1633 juravi,

62 1655 163 1696 dicit
191 1654 428 1695 Dominus:
465 1665 692 1709 propterea
727 1654 855 1709 ⁴quod
893 1653 1026 1695 fecisti
1065 1655 1243 1696 verbum
1284 1655 1390 1704 hoc,
1437 1668 1476 1696 et

62 1749 150 1773 non
180 1731 406 1788 pepercisti
436 1731 526 1772 filio
568 1743 642 1772 tuo
675 1731 830 1773 dilecto
870 1743 1049 1787 propter
1088 1748 1180 1782 mc,
1220 1733 1478 1774 benedicens

58 1809 310 1850 benedicam
341 1821 394 1859 te,
424 1822 464 1851 et
494 1808 779 1864 multiplicans
809 1809 1104 1863 multiplicabo
1134 1820 1197 1860 tc,
1238 1822 1277 1851 et
1308 1811 1385 1851 erit
1410 1827 1475 1853 se-

58 1902 158 1927 men
186 1897 307 1927 tuum
336 1886 444 1927 sicut
470 1887 612 1927 stellae
643 1886 753 1927 coeli
781 1885 824 1925 in
849 1884 1134 1935 multitudine,
1162 1898 1201 1927 et
1222 1887 1330 1927 sicut
1349 1904 1474 1928 arena

59 1962 207 2011 maris,
237 1978 345 2017 quae
374 1979 464 2003 non
494 1975 632 2018 potest
661 1962 983 2012 dinume1·ari,“
1019 1973 1059 2001 et
1099 1974 1245 2004 cetera.
1304 1964 1476 2006 Sollici-

58 2050 150 2079 tum
177 2039 281 2078 haec
313 2050 352 2078 et
387 2038 595 2079 intentum
635 2039 874 2080 auditorem
915 2038 1148 2093 requirunt.
1213 2041 1384 2082 Novum
1415 2054 1475 2083 est

59 2116 194 2164 enim,
231 2117 351 2170 quod
381 2114 500 2156 dicit:
530 2115 656 2170 „ct2)
686 2115 868 2164 vocavit,
898 2114 1058 2169 inquit,
1090 2118 1261 2167 angelus
1292 2118 1472 2160 Domini

57 2192 272 2233 Abraham
301 2194 492 2235 secundo
525 2194 578 2233 de
607 2194 770 2234 coelo.“
828 2191 962 2246 Quod
992 2204 1131 2234 tamen
1162 2195 1351 2250 addit,3)
1382 2212 1473 2237 non

56 2280 117 2310 est
144 2286 316 2310 novum.
383 2269 494 2310 Nam
532 2268 814 2319 „benedicens
830 2267 874 2325 4)
914 2270 1166 2311 benedicam
1195 2277 1275 2321 te,“
1306 2284 1344 2313 et
1374 2284 1471 2313 ante

41 2344 142 2402 'iam
181 2343 340 2387 dictum
381 2357 458 2395 est,
498 2357 536 2386 ct
578 2347 890 2402 „multiplicans
927 2347 1225 2403 multiplicabo
1265 2354 1345 2399 te,“
1376 2361 1472 2390 ante

58 2423 311 2477 promissum
343 2435 421 2465 est:
453 2435 493 2464 et
521 2423 626 2474 „erit
652 2440 796 2467 semen
827 2436 947 2467 tuum
975 2425 1084 2467 sicut
1109 2427 1252 2468 stellae
1281 2426 1402 2476 coeli,
1431 2438 1470 2467 et

173 2575 217 2630 ¹)
249 2575 336 2618 Csr.
369 2575 525 2620 Genes.
553 2577 694 2627 XXII,
723 2578 920 2622 15—17.

169 2644 216 2700 ²)
250 2644 402 2689 Genes.
428 2646 570 2698 XXII,
598 2648 666 2689 15.

169 2715 216 2770 3)
246 2716 359 2758 Alias
398 2716 457 2771 (v.
498 2734 532 2758 c.
569 2717 614 2759 in
646 2719 742 2762 edd.
783 2717 890 2775 M.):
939 2717 1169 2773 „addidit.“
1226 2719 1324 2763 Mss.
1363 2720 1467 2771 „ad-

169 2840 214 2895 ⁴²)
246 2840 397 2886 Genes.
426 2842 564 2896 XXII,
592 2845 656 2890 17.
