1764 3096
236 75 319 119 156
831 74 1053 120 Omonms

234 188 281 229 in
311 188 482 230 auribus
510 187 652 230 vestris
688 199 727 229 ct
753 187 798 230 in
827 188 962 240 labiis,
993 201 1031 231 et
1061 190 1105 232 in
1139 189 1292 239 corde,
1323 199 1364 230 et
1392 187 1434 229 in
1467 203 1651 246 praepu-

235 265 297 306 tio
329 266 465 307 carnis
490 276 660 314 vestrae,
690 276 728 305 ct
758 265 801 306 in
833 267 1033 309 omnibus
1065 266 1244 309 omnino
1268 265 1471 307 membris
1500 266 1653 310 vestris.

235 341 521 385 Circumcisae
549 358 735 397 namque
761 343 845 384 sint
874 360 994 386 aures
1025 356 1182 386 vestrae
1208 343 1444 386 secundum
1476 344 1654 383 verbum

233 419 341 469 Dei,
387 431 434 461 ut
462 436 610 460 vocem
641 436 730 460 non
761 421 967 476 recipiant
998 420 1284 470 obtrectantis,
1313 431 1360 461 ut
1388 419 1585 461 maledici
1615 430 1656 460 ct

232 495 471 552 blasphemi
503 499 633 538 verba
670 513 758 538 non
799 497 995 550 audiant,
1041 497 1234 546 ut-salsis
1274 495 1655 546 criminationibus,

233 573 471 623 mendacio,
500 573 727 615 irritationi
748 573 789 630 ¹)
819 592 909 617 non
938 587 1121 631 pateant.
1168 574 1442 630 oppilentur,
1475 585 1514 614 et
1535 573 1652 613 clau-

233 667 303 691 sae
331 650 432 699 sint,
474 667 529 692 ne
576 649 781 708 judicium
823 652 1034 704 sanguinis
1077 652 1270 702 audiant,
1316 664 1389 693 aut
1427 649 1653 707 impudicIs

234 727 403 769 canticis
441 739 480 769 et
520 728 792 770 theatralibus
831 728 943 772 sonis
982 742 1163 786 pateant.
1234 728 1350 770 Nihil
1390 729 1654 769 obscoenum

231 804 451 860 recipi-ant,
476 806 550 846 sed
580 807 633 846 ab
669 805 787 846 omni
819 822 953 847 coeno
972 807 1017 864 ²>
1050 805 1334 862 corruptionis
1365 822 1530 848 aversae
1558 804 1653 848 sint.

232 880 351 923 llaec
383 894 441 923 cst
471 882 749 933 circumcisio,
792 900 872 939 qua
907 883 1079 926 ecclesia
1123 883 1278 925 Christi
1317 900 1436 924 aures
1474 898 1652 925 suorum

234 957 498 1001 circumcidit
525 959 762 1003 infantium.
824 961 952 1012 Istae,
983 963 1137 1011 credo,
1174 973 1272 1002 sunt
1302 977 1444 1010 aures,
1476 977 1577 1016 quas
1607 960 1654 1000 in

232 1035 499 1078 auditoribus
529 1036 611 1078 suis
642 1037 907 1092 requirebat,
947 1038 1112 1093 dicens:
1152 1038 1312 1095 „qui3)
1357 1039 1485 1078 habet
1530 1054 1652 1079 aures

232 1111 447 1162 audiendi,
477 1114 659 1155 audiat.⁴‘
717 1115 857 1155 Nemo
901 1115 1013 1156 enim
1044 1127 1183 1170 potest
1217 1114 1520 1157 incircumcisis
1535 1113 1581 1171 4)
1615 1126 1655 1156 et

231 1189 462 1244 immundis
493 1190 664 1233 auribus
694 1193 856 1233 munda
887 1194 1014 1232 verba
1043 1191 1272 1247 sapiendae
1302 1204 1341 1233 et
1366 1192 1546 1233 veritatis
1577 1210 1651 1235 au-

233 1265 337 1307 dire.
375 1266 620 1317 Veniamus,
649 1267 684 1310 si
713 1268 846 1318 vultis,
879 1281 917 1309 et
947 1270 1000 1309 ad
1029 1267 1246 1309 labiorum
1271 1268 1650 1312 circumcisionem.

229 1344 323 1396 Ego
352 1356 474 1400 put0,
505 1346 621 1400 quod
654 1344 971 1388 incircumcisus
1000 1344 1051 1388 sit
1081 1344 1216 1395 labiis,
1248 1345 1532 1402 quinondum
1566 1365 1653 1390 ces-

229 1423 333 1466 savit
363 1441 385 1465 a
415 1421 705 1478 stultiloquio,
746 1440 767 1463 a
796 1422 1059 1473 scurrilitate,
1089 1422 1163 1478 qui
1191 1422 1317 1465 honis
1346 1425 1542 1476 derogat,
1580 1425 1652 1481 qui

229 1501 477 1543 criminatur
505 1500 739 1556 proximos,
771 1500 843 1557 qui
870 1500 1034 1553 instigat
1061 1500 1164 1551 lites,
1195 1499 1268 1556 qui
1297 1501 1528 1544 calumnias
1557 1520 1653 1544 rno-

229 1593 309 1630 vct,
340 1579 414 1635 qui
444 1580 589 1620 fratres
609 1577 718 1618 inter
735 1595 777 1620 se
807 1579 911 1620 falsa
931 1579 1151 1634 loquendo
1171 1577 1410 1628 committit,
1441 1579 1513 1634 qui
1534 1596 1652 1630 vana,

229 1658 395 1714 inepta,
423 1654 677 1703 saecularia,
708 1654 947 1710 impudica,
984 1656 1148 1711 turpia,
1177 1654 1405 1714 injuriosa,
1437 1668 1650 1711 proterva,

228 1734 501 1790 blasphema,
543 1743 580 1772 et
614 1744 772 1782 cetera,
812 1750 921 1788 quae
949 1732 1123 1785 indigna
1151 1745 1249 1775 sunt
1279 1731 1519 1774 Christiano
1562 1749 1650 1784 ore,

191 1800 194 1803 Δ
228 1809 516 1868 proloquitur.
589 1808 634 1850 Si
675 1805 766 1864 quis
805 1827 905 1852 vcro
945 1812 997 1851 ab
1030 1809 1093 1852 his
1131 1809 1332 1851 omnibus
1374 1810 1562 1853 continet
1603 1829 1648 1854 os

229 1904 367 1937 suum,
399 1898 437 1927 et
468 1885 715 1942 disponit5)
746 1903 960 1929 sermones
991 1903 1089 1928 suos
1119 1886 1163 1927 in
1192 1885 1376 1943 judicio,
1417 1888 1648 1931 verbosita-

227 1978 314 2006 tem
343 1962 547 2019 reprimit,
575 1963 761 2016 linguam
778 1975 997 2019 temperat,
1027 1964 1154 2004 verba
1174 1965 1540 2015 moderatur,‚iste
1559 1984 1647 2008 mc—

228 2042 309 2084 rito
343 2040 612 2083 circumcisus
641 2040 760 2083 labiis
791 2040 957 2083 dicitur.
1031 2042 1118 2084 Sed
1149 2053 1190 2083 et
1220 2041 1293 2099 qui
1322 2041 1587 2099 iniquitatem
1603 2045 1649 2101 ⁶)

346 2245 390 2301 ¹)
419 2245 550 2284 Deest
580 2243 855 2293 „irritationi“
885 2244 928 2284 in
965 2245 1059 2285 edd.
1089 2245 1150 2285 M.

343 2316 390 2369 ²)
418 2315 560 2355 Codd.
593 2314 896 2355 Gemcticcnsis
928 2326 966 2354 et
997 2314 1390 2364 sangermanensis:
1433 2324 1647 2367 „coeno;“

226 2373 327 2416 libri
372 2371 492 2413 editi:
538 2376 754 2421 „caena.“
786 2370 874 2426 (?)
924 2371 1053 2412 Male.
1097 2371 1143 2412 R.
1189 2395 1244 2403 —-
1291 2371 1402 2413 Edd.
1451 2373 1646 2416 Merlini:

227 2447 389 2474 scaena.

342 2499 390 2555 ³)
420 2499 571 2539 Manh.
602 2497 720 2547 xm,
749 2497 788 2539 9.

342 2568 390 2625 ⁴²)
420 2569 479 2610 Ita
511 2580 592 2609 tres
623 2567 720 2609 Mss.
753 2566 1038 2614 Turonenses,
1068 2565 1352 2620 Remigianus,
1380 2567 1647 2613 Belvacensis

228 2640 266 2667 et
298 2624 688 2678 Sangcrmanensis3
726 2623 823 2664 libri
854 2640 952 2663 vcro
985 2621 1085 2663 editi
1120 2625 1179 2678 (v.
1213 2641 1245 2663 c.
1278 2625 1373 2665 cdd.
1403 2625 1511 2681 Μ.);
1553 2627 1645 2679 „in-

227 2682 492 2725 circumcisus
525 2680 696 2722 auribus
727 2692 767 2721 et
795 2680 1040 2721 immundus
1069 2680 1258 2722 muuda“
1288 2692 1361 2724 etc.
1392 2682 1440 2723 R.

343 2753 389 2807 ⁵)
420 2753 576 2794 Psalm.
609 2749 742 2800 exn,
770 2751 808 2792 5.
840 2749 1004 2807 (cxi.)

343 2824 388 2877 ⁶>
420 2821 573 2865 Psalm.
604 2821 800 2871 mozin,
831 2822 869 2865 8.
900 2822 1123 2878 (Lxxn.)
