1764 3096
498 123 545 155 m
586 110 784 154 Gmmsm
812 109 1014 153 HOM1121A
1042 110 1076 152 Ι,
1408 113 1494 159 113

81 240 238 268 annos:
272 235 311 266 et
338 226 442 266 fiant
474 225 526 265 ad
554 222 885 265 illuminandum
913 222 958 263 in
985 222 1254 265 firmamento
1287 226 1416 277 coeli,
1443 240 1492 270 ut

80 303 251 344 luceant
278 317 405 357 super
429 313 597 341 terram.
655 299 714 340 Et
740 300 901 345 facttum
932 311 991 341 est
1017 298 1117 341 sic.“
1161 301 1281 342 Sicut
1307 303 1492 346 lumina-

82 378 146 419 ria
175 379 252 419 ista
283 376 412 425 coeli,
453 391 560 431 quae
600 376 812 425 videmus,
840 376 978 431 posita
1016 388 1115 419 sunt
1148 378 1192 419 in
1229 378 1346 432 signa
1376 392 1418 421 et
1444 380 1491 423 in

82 466 289 510 tempora,
320 464 359 494 et
388 452 473 493 dies
504 464 544 493 et
573 469 720 503 annos,
750 464 798 493 ut
815 454 985 495 luceant
1005 454 1058 495 de
1079 453 1348 497 firmamento
1382 458 1494 500 coeli

82 531 158 579 his,
188 531 260 585 qui
286 545 412 585 super
440 541 596 571 terram
624 541 742 571 sunt:
785 530 870 570 hoc
898 531 1033 572 modo
1065 530 1189 573 etiam
1223 532 1413 576 Christus
1440 535 1493 577 il-

82 606 294 647 luminans
323 605 540 646 ecclesiam
568 616 712 658 suam,
756 607 871 658 signa
913 608 984 650 dat
1024 624 1104 664 per
1141 623 1369 667 praecepta
1396 629 1498 655 sua:

81 693 129 723 ut
155 681 268 731 sciat,
301 683 521 737 quomodo
553 683 644 738 quis
685 695 861 739 accepto
900 683 1019 736 signo
1056 687 1190 738 fugiat
1227 690 1280 730 ab
1322 689 1384 731 ira
1423 707 1493 732 su-

81 770 356 815 perventura,
388 758 449 799 uti
477 775 532 800 ne
561 759 649 801 dies
677 759 748 801 illa
777 759 885 801 sicut
911 762 982 803 fur
1020 778 1117 803 eum
1149 766 1498 820 comprehendat,

81 837 155 877 sed
184 847 230 876 ut
256 835 385 888 magis
414 836 636 891 pervenire
665 837 796 892 possit
824 839 868 879 in
899 854 1058 880 annum
1089 840 1272 882 Domini
1302 855 1496 899 accepta—

81 913 224 954 bilem.
295 912 485 954 Christus
524 929 622 965 ergo
666 925 725 955 est
769 914 928 970 „lux¹)
966 931 1087 975 vera,
1139 933 1249 972 quac
1285 919 1498 962 illuminat

85 1006 255 1030 omnem
287 989 507 1032 hominem
538 989 777 1032 venientem
816 992 862 1033 in
892 992 1007 1034 hunc
1035 994 1245 1034 mundum
1263 1000 1299 1036 :“
1337 1012 1384 1037 ex
1423 1014 1498 1039 cu-

81 1066 147 1124 jus
176 1065 337 1107 lumine
364 1066 603 1109 illuminata
633 1067 829 1119 ecclesia,
874 1070 996 1110 etiam
1028 1069 1118 1125 ipsa
1146 1071 1216 1111 lux
1256 1075 1408 1116 mundi
1438 1077 1498 1117 ef-

80 1143 231 1194 ficitur,
261 1143 506 1186 illuminans
541 1161 624 1194 eos,
658 1145 731 1200 qui
758 1145 804 1186 in
833 1146 1018 1188 tenebris
1048 1159 1168 1189 sunt:
1198 1149 1305 1190 sicut
1341 1163 1380 1192 et
1407 1152 1497 1207 ipse

82 1219 271 1262 Christus
312 1232 570 1263 contestatur
608 1222 823 1278 discipulis
863 1223 968 1273 suis,
1007 1224 1173 1266 dicens:
1214 1228 1374 1283 ‚,vos²)
1405 1230 1498 1272 estis

80 1298 154 1338 lux
182 1296 372 1338 mundi.“
438 1297 501 1338 Ex
539 1314 626 1353 quo
658 1299 909 1350 ostenditur,
959 1299 1058 1354 quia
1097 1300 1286 1345 Christus
1325 1304 1500 1361 quidem

81 1376 155 1416 lux
185 1385 243 1415 est
271 1375 597 1429 Apostolorum,
626 1375 824 1431 Apostoli
851 1392 951 1417 vero
982 1377 1052 1417 lux
1070 1380 1234 1421 mundi.
1283 1380 1368 1437 Ipsi
1386 1383 1501 1426 enim

82 1463 181 1493 sunt
207 1468 299 1492 non
329 1451 531 1493 hahentes
560 1454 794 1503 maculam,
824 1452 890 1493 vel
918 1468 1089 1504 rugam,
1131 1464 1203 1494 aut
1232 1454 1393 1508 aliquid
1421 1455 1502 1495 hu-

82 1527 342 1584 juscemodi,
382 1545 479 1571 vera
510 1528 704 1571 ecelesia:
736 1529 843 1570 sicut
874 1541 912 1570 et
944 1530 1176 1584 Apostolus
1207 1529 1331 1571 dicit:
1366 1530 1499 1587 „ut3)

84 1605 175 1661 ipse
211 1606 290 1647 sibi
330 1606 524 1647 exhibeat
563 1605 791 1657 gloriosam
839 1605 1083 1654 ecclesiam,
1126 1622 1220 1648 non
1272 1605 1500 1650 habentem

84 1684 311 1732 maculam,
342 1695 414 1724 aut
442 1697 603 1734 rugam,
632 1694 704 1723 aut
736 1680 896 1737 aliquid
924 1680 1213 1739 hujusmodi.“

196 1761 234 1806 7.
264 1760 408 1814 ‚,Et4)
446 1759 544 1801 fecit
572 1759 750 1815 Deus5)
793 1760 880 1800 duo
918 1758 1144 1801 luminaria
1174 1775 1344 1812 magna:
1375 1762 1502 1804 lumi-

85 1853 190 1879 nare
218 1836 356 1893 majus
396 1837 442 1879 in
478 1836 766 1894 principatum
805 1836 909 1886 diei,
952 1848 993 1878 et
1029 1837 1240 1880 luminare
1276 1839 1417 1881 minus
1456 1839 1502 1881 in

85 1913 373 1970 principatum
401 1908 556 1964 noctis,
585 1926 626 1955 et
653 1915 802 1956 stellas.
865 1914 921 1955 Et
948 1915 1093 1970 posuit
1130 1931 1179 1957 ea
1208 1915 1327 1958 Deus
1354 1914 1402 1957 in
1430 1915 1504 1957 fir-

87 2002 304 2039 mamento
347 1991 476 2041 coeli,
516 2002 565 2033 ut
604 1992 774 2033 luceant
809 2007 939 2048 super
966 2002 1144 2042 terram,
1184 2003 1226 2032 ct
1252 2003 1504 2048 potestatem

86 2066 276 2117 habeant
306 2068 389 2109 diei
422 2079 462 2109 et
490 2068 640 2118 noctis,
672 2079 712 2109 et
741 2067 931 2109 dividant
957 2068 1068 2109 inter
1096 2069 1288 2110 medium
1317 2069 1436 2120 lucis,
1466 2082 1508 2112 et

86 2143 198 2186 inter
224 2145 415 2186 medium
453 2147 738 2187 tenebrarum.
805 2144 861 2186 Et
888 2144 991 2187 vidit
1019 2145 1160 2196 Deus,
1204 2145 1303 2201 quia
1338 2147 1507 2189 bonum

20 2233 43 2271 ,ὶ-
89 2233 159 2264 est.
226 2221 281 2263 Et
319 2224 480 2264 factum
520 2234 579 2264 est
615 2238 809 2278 vespere,
853 2234 893 2264 et
928 2225 1088 2264 factum
1130 2234 1191 2264 est
1224 2239 1375 2274 mane,
1419 2224 1506 2267 dies

91 2303 279 2354 quarta.“
350 2299 471 2342 Sicut
507 2301 573 2341 sol
604 2311 644 2341 et
681 2301 784 2341 luna
822 2315 975 2352 magna
1013 2299 1241 2341 luminaria
1271 2299 1383 2342 dicta
1411 2313 1510 2342 sunt

92 2391 179 2417 esse
205 2376 252 2418 in
281 2376 550 2419 firmamento
582 2379 711 2419 coeli:
751 2378 808 2419 ita
849 2389 888 2418 et
918 2378 963 2419 in
992 2378 1116 2419 nobis
1151 2376 1338 2420 Christus
1368 2389 1409 2418 ct
1439 2395 1507 2419 ee-

92 2452 229 2495 clesia.
303 2454 389 2495 Sed
420 2454 622 2510 quoniam
655 2455 780 2496 etiam
810 2455 950 2497 stellas
988 2455 1035 2495 in
1062 2454 1334 2496 firmamento
1364 2454 1508 2511 posuit

89 2527 223 2579 Deus,
254 2528 482 2583 videamus,
513 2548 621 2588 quac
649 2544 746 2575 sunt
778 2531 903 2575 ctiam
933 2531 979 2573 in
1007 2531 1134 2574 nobis
1163 2534 1329 2585 stellae,
1359 2535 1403 2579 id
1435 2545 1507 2583 cst,

210 2695 254 2751 ¹)
284 2697 356 2737 Ev.
387 2699 544 2740 Joann.
576 2700 607 2748 I,
638 2701 676 2744 9.
794 2700 840 2755 ²)
870 2701 1023 2743 Matth.
1054 2702 1107 2748 V,
1137 2702 1203 2742 14.

206 2765 256 2819 3)
285 2766 438 2821 Ephes.
469 2769 521 2816 V,
547 2771 614 2812 27.
733 2769 779 2826 4)
811 2770 963 2813 Gcncs.
996 2773 1024 2822 l,
1056 2770 1250 2814 16—19.

209 2836 254 2889 ⁵)
285 2835 415 2877 Deest
447 2839 616 2888 „Deus“
649 2840 693 2881 iu
725 2842 819 2882 edd.
853 2840 913 2881 Μ,

97 2910 319 2957 Onmssms
349 2912 519 2957 OPERA.
551 2914 669 2959 Tom.
701 2915 812 2960 VIII,
1152 2920 1181 2958 Η
