1764 3096
283 55 370 99 290
890 50 1114 96 Omenms

295 167 523 215 videamus,
554 181 685 221 quare
716 177 762 207 ut
791 166 874 215 leo,
905 178 945 208 et
974 178 1021 209 ut
1051 166 1378 210 catulusleonis
1409 167 1581 210 dormit.
1646 168 1716 210 De

295 244 422 285 catuli
455 244 627 299 quidem
658 261 815 285 somno
837 242 922 301 jam
945 243 1136 301 superius
1159 244 1322 286 dictum
1344 257 1417 295 est,
1446 246 1567 300 quod
1598 245 1719 288 valde

297 323 600 363 convenienter
639 333 808 377 aptatur
843 320 887 362 in
930 321 1125 372 Christo,
1176 322 1249 376 qui
1290 322 1423 364 tribus
1472 322 1623 364 diebus
1678 335 1718 363 et

295 401 429 441 tribus
460 400 659 441 noctibus
690 399 732 439 in
765 399 897 441 corde
935 411 1071 440 terrae
1107 400 1295 453 sepultus
1337 417 1539 440 somnum
1571 401 1720 442 mortis

294 477 497 534 implevit.
558 476 644 528 „Ut
673 477 770 517 lco“
801 488 941 518 autem
973 477 1056 516 hoc
1088 478 1222 517 modo
1264 477 1421 517 debere
1449 476 1626 529 intelligi
1654 495 1721 517 ar-

295 555 443 596 bitror.
514 555 637 596 Mors
669 553 826 595 Christi
866 552 1084 609 oppressio
1111 564 1156 606 *et
1186 552 1427 609 triumphus
1459 555 1720 596 daemonum

294 632 382 673 suit.
444 631 630 672 Omnem
661 648 849 687 namque
877 632 1094 686 praedam,
1126 648 1253 686 quam
1289 632 1356 671 leo
1382 630 1455 672 ille
1486 631 1722 672 contrarius

295 711 501 751 invaserat
529 721 741 765 prostrato
774 709 949 751 homine
980 720 1019 747 et
1051 706 1240 763 dejecto,
1271 707 1341 748 hic
1371 710 1439 749 leo
1471 708 1721 764 interripuit.

295 786 557 842 Denique¹)
586 787 754 828 rediens
779 788 831 828 ab
856 786 1014 834 inseris,
1048 797 1086 825 et
1116 787 1406 836 „adscendens
1422 786 1468 839 ²)
1500 785 1542 826 in
1575 785 1722 833 altum,

297 864 506 921 captivam
549 864 668 905 (luxit
701 862 1021 919 captivitatem.“
1090 863 1186 904 Hoc
1229 880 1327 915 ergo
1368 864 1502 904 modo
1545 875 1585 903 et
1612 863 1656 903 in
1674 862 1719 917 ³)

293 959 448 985 somno
479 958 556 982 suo
586 940 656 980 leo
687 941 767 980 suit
796 941 967 981 vincens
998 941 1142 982 omnia
1164 952 1203 980 et
1224 942 1453 989 debellans,
1485 952 1525 981 et
1556 942 1720 981 destru-

294 1021 352 1062 xit
382 1037 502 1069 eum,
542 1017 614 1072 qui
644 1016 830 1057 habebat
858 1018 1008 1058 mortis
1046 1018 1300 1073 imperium,
1339 1029 1379 1058 et
1416 1018 1530 1058 velut
1559 1019 1722 1059 catulus

294 1098 429 1140 leonis
471 1095 540 1137 die
576 1093 698 1135 tertia
750 1094 984 1136 suscitatur.
1054 1094 1261 1148 ,‚Quis⁴²)
1306 1095 1523 1136 suscitabit
1564 1092 1722 1135 eum?“

296 1176 427 1217 Recte
460 1171 579 1229 quasi
616 1169 868 1226 inquirentis
896 1172 1133 1227 prophetae
1164 1187 1416 1226 personam,
1455 1188 1563 1226 quae
1591 1170 1721 1212 susci-

297 1252 394 1295 tarit
426 1250 658 1297 Christum,
687 1264 828 1290 sermo
859 1248 1078 1299 significat.
1139 1247 1252 1302 Quia
1285 1249 1518 1304 Apostolus
1550 1248 1720 1304 quidem

297 1331 411 1382 dicit,
443 1327 541 1384 quia
572 1326 716 1376 Deus,
749 1325 882 1380 qui5)
923 1325 1158 1377 „suscitavit
1187 1342 1284 1367 eum
1317 1343 1338 1366 a
1368 1325 1562 1375 mortuis,
1590 1326 1720 1367 susci-

296 1410 401 1451 tabit
440 1419 479 1448 et
515 1402 713 1445 mortalia
753 1419 939 1459 corpora
980 1416 1136 1455 vestra,
1197 1416 1376 1460 propter
1414 1401 1723 1443 inhabitantem

295 1487 492 1545 spiritum
539 1480 627 1539 ejus
666 1482 711 1523 in
763 1480 925 1522 vobis.“
1005 1481 1063 1521 Et
1102 1482 1257 1523 iterum
1306 1481 1497 1522 Christus
1538 1479 1638 1521 dicit
1675 1478 1720 1519 in

294 1559 555 1615 Evangeliis:
585 1559 762 1611 „solvite
779 1559 825 1614 6)
856 1560 1064 1614 templum
1094 1559 1192 1608 hoc,
1225 1570 1264 1599 et
1294 1574 1370 1610 ego
1402 1556 1446 1598 in
1466 1557 1601 1597 tribus
1633 1556 1719 1597 die-

296 1646 375 1685 bus
398 1638 610 1682 suscitabo
642 1636 767 1678 illud.
831 1635 929 1676 Hoc
970 1648 1110 1678 autem
1152 1637 1319 1677 dicebat
1350 1637 1403 1676 de
1432 1635 1593 1690 templo
1628 1651 1724 1674 cor-

295 1720 412 1778 poris
442 1715 546 1758 sui.“
615 1713 729 1767 Quia
760 1729 859 1765 crgo
894 1725 933 1753 et
963 1713 1051 1768 ipse
1079 1730 1122 1756 se
1154 1713 1256 1755 dicit
1283 1712 1482 1755 suscitare
1511 1712 1720 1767 templum

294 1815 441 1845 suum,
472 1806 511 1835 et
540 1792 658 1833 Deus
686 1792 806 1833 illum
841 1789 993 1831 (licitur
1023 1790 1262 1839 suscitasse,
1300 1802 1414 1831 recte
1443 1791 1656 1845 propheta
1676 1789 1720 1843 ⁷)

294 1888 469 1930 stupore
498 1881 641 1911 tantae
680 1868 810 1923 patris
845 1880 884 1908 et
922 1868 998 1909 filii
1036 1868 1204 1910 unitatis
1244 1879 1371 1923 atque
1406 1868 1721 1910 indiscretionis

295 1947 559 2003 attonitusss)
587 1946 667 1987 ait:
697 1946 819 2001 „quis
835 1944 881 2001 ⁹)
910 1945 1127 1987 suscitabit
1156 1961 1253 1985 eum
1266 1943 1311 1986 ?“

410 2202 454 2258 ¹)
486 2199 603 2298 Αὶίἒε
633 2198 694 2253 (v,
723 2214 757 2238 c.
786 2197 830 2238 in
863 2198 957 2240 edd.
988 2197 1097 2252 M.:)
1137 2197 1341 2253 „Quique
1371 2199 1538 2240 rediens
1569 2199 1622 2239 al»
1653 2197 1715 2237 in·-

293 2261 426 2304 feris“
446 2270 523 2300 etc

407 2328 454 2384 2)
483 2327 639 2381 Ephes.
670 2324 743 2373 IV,
773 2324 812 2367 8.
844 2325 941 2365 coll.
971 2324 1128 2365 Psalm.
1160 2324 1355 2373 LXVIII,
1387 2324 1452 2365 18.

408 2399 454 2455 3)
483 2398 616 2438 Deest
643 2395 741 2445 ,‚in“
770 2394 814 2434 in
846 2395 942 2435 edd.
973 2395 1032 2438 M.
1152 2394 1198 2449 ⁴)
1233 2394 1385 2436 Genes.
1417 2393 1571 2443 XLIX,
1604 2393 1640 2436 9:

406 2469 450 2526 5)
481 2467 609 2508 Rom.
639 2465 753 2515 VIII,
782 2465 850 2506 11.

407 2539 454 2594 6)
484 2538 562 2578 Ev.
591 2534 748 2577 Joann.
782 2535 833 2585 Il,
866 2534 932 2578 19.
961 2535 1029 2578 21.

405 2609 452 2663 7)
481 2607 592 2648 Edd.
622 2604 819 2647 Me1lini:
849 2605 1089 2660 prophetae
1118 2616 1294 2660 stupore
1325 2616 1399 2645 etc

402 2678 448 2733 S)
480 2677 551 2718 Sic
580 2675 682 2717 BIss.
713 2674 879 2723 rectius,
911 2691 1039 2729 quam
1071 2674 1226 2725 editi,
1213 2692 1256 2715 1n
1287 2674 1442 2729 quibus
1473 2676 1532 2729 (v
1555 2692 1588 2715 c
1616 2675 1708 2717 edd

288 2734 373 2791 M.)
400 2734 571 2786 legitur:
604 2731 835 2782 „attonitus
867 2743 945 2772 est:
977 2732 1068 2788 quis
1098 2731 1309 2775 suscitavit
1339 2748 1457 2773 eum.
1451 2731 1498 2760 “³“
1528 2731 1576 2773 R

400 2803 448 2857 ⁹)
479 2802 631 2844 Genes.
662 2800 817 2850 XLIX,
846 2800 884 2843 9
