1764 3096
482 97 528 128 m
562 85 762 128 Gnmzsm
793 85 993 130 Humum
1013 84 1130 128 XIII.
1422 88 1507 132 247

102 199 199 250 Dei,
230 201 368 242 donec
396 196 537 239 veniat
566 198 706 247 Isaac,
746 207 786 238 et
816 196 979 253 aperiat
1010 214 1098 248 eas,
1137 207 1184 238 ut
1221 196 1371 240 bibant
1399 200 1522 254 pueri

99 277 174 319 sui.
237 275 381 318 Gratia
413 289 511 326 ergo
542 274 632 316 filio
675 273 909 317 Abrahami
949 274 1144 324 Christo,
1195 275 1247 315 de
1287 292 1373 330 quo
1415 277 1518 318 scri—

97 365 219 409 ptum
251 363 331 393 est:
362 350 557 408 „liber¹)
589 351 871 405 generationis
902 352 1003 394 Jesu
1037 351 1214 401 Christi,
1257 351 1333 393 filii
1363 352 1518 403 David,

97 430 174 471 filii
202 427 422 471 Abraham
435 433 470 469 :“
499 427 572 484 qui
602 427 713 470 venit
744 438 784 468 et
816 428 980 484 aperuit
1018 428 1144 470 nobis
1173 440 1336 484 puteos.
1395 428 1515 484 Ipsos

96 501 210 546 enim
241 504 458 560 aperiebat
485 504 578 555 illis,
602 505 675 561 qui
697 504 915 547 dicebant:
945 521 1118 555 „nonne
1138 504 1184 561 2)
1217 522 1292 546 cor
1321 516 1515 547 nostrum

94 583 245 624 ardens
285 592 374 623 erat
410 581 454 623 in
495 582 644 631 nobis,
692 599 787 623 cum
828 582 1011 638 aperiret
1049 582 1176 624 nobis
1217 582 1455 638 Scripturas
1470 581 1516 623 ?“

95 659 275 716 Aperuit
315 674 413 710 ergo
455 659 532 700 hos
575 669 752 715 puteos,
798 658 898 715 et3)
940 659 1128 708 „vocavit
1166 675 1260 708 eos,
1303 657 1512 714 inquit,⁴)

92 737 200 778 sicut
238 748 462 777 vocaverat
501 752 572 777 eos
604 736 821 778 Abraham
860 747 981 791 pater
1019 737 1217 792 suus.“⁵)
1258 736 1357 777 Non
1399 735 1511 778 enim

90 812 328 854 immutavit
359 814 567 854 vocabula
598 825 840 869 puteorum.
896 812 954 853 Et
983 823 1044 853 est
1072 812 1243 862 mirum,
1275 814 1513 868 (111οάΜο-

92 907 154 933 ses
187 890 314 931 etiam
345 890 462 946 apud
490 906 569 931 nos
599 889 743 931 Moses
774 890 1026 945 appellatur,
1058 900 1097 930 et
1114 888 1352 946 prophetae
1379 907 1509 930 unus-

92 967 269 1023 quisque
298 983 375 1008 suo
406 966 585 1007 nomine
616 966 897 1022 appellantur.
963 968 1063 1008 Non
1103 966 1216 1008 enim
1250 965 1437 1008 Christus
1467 966 1510 1007 in

89 1043 136 1085 iis
166 1044 368 1094 nomina,
407 1044 481 1084 sed
521 1043 839 1095 intelligentiam
880 1044 1164 1085 commutavit.
1223 1042 1512 1084 commutavit

91 1133 230 1162 autem
260 1120 306 1161 in
336 1137 402 1170 eo,
431 1131 479 1161 ut
508 1119 595 1176 jam
624 1121 733 1161 ultra
762 1138 853 1162 non
885 1122 1146 1162 attendamus
1163 1120 1354 1161 Judaicis
1385 1123 1508 1162 fabu-

88 1198 149 1248 lis,
180 1211 220 1240 et
251 1197 503 1250 genealogiis
530 1196 779 1252 infinitis,⁶)
819 1197 917 1253 quia
947 1214 997 1246 „a
1027 1197 1200 1239 veritate
1229 1197 1400 1254 quidem
1432 1216 1506 1240 au-

89 1276 224 1318 ditum
255 1286 456 1324 avertunt,
487 1274 541 1314 ad
570 1275 736 1316 fabulas
767 1285 908 1315 autem
940 1280 1283 1316 convertuntur.“
1330 1275 1511 1331 Aperuit.

87 1370 187 1406 ergo
220 1363 385 1408 puteos,
416 1363 454 1392 et
485 1350 631 1392 docuit
658 1368 760 1401 nos,
800 1363 847 1392 ut
875 1369 965 1393 non
996 1351 1041 1392 in
1072 1352 1216 1408 aliquo
1246 1354 1346 1394 loco
1380 1369 1508 1408 quae-

86 1447 225 1471 ramus
256 1430 413 1478 Deum,
441 1430 516 1470 sed
543 1428 735 1478 sciamus,
768 1430 886 1484 quod
903 1428 945 1483 ⁷)
975 1428 1021 1469 in
1051 1430 1171 1470 omni
1188 1441 1299 1471 terra
1329 1431 1508 1471 offertur

84 1505 336 1548 sacrificium
373 1506 542 1548 nomini
582 1506 680 1562 ejus.
757 1505 883 1546 Nune
932 1505 1044 1546 enim
1082 1505 1191 1548 illud
1229 1518 1291 1549 est
1326 1518 1506 1562 tempus,

86 1584 260 1639 quando
292 1582 380 1624 veri
409 1585 655 1625 adoratores
684 1583 865 1624 adorant
893 1594 1071 1639 patrem,
1102 1599 1241 1639 neque
1270 1583 1315 1624 in
1346 1581 1502 1624 Hiero-

85 1659 329 1718 solymis‚⁸)
359 1676 499 1715 neque
528 1660 573 1700 in
603 1672 752 1702 monte
785 1658 985 1709 Garizim‚
1016 1660 1089 1700 sed
1118 1659 1163 1699 in
1179 1659 1328 1714 spiritu
1364 1673 1404 1702 et
1432 1678 1501 1702 ve—

84 1738 215 1779 ritate.
273 1737 375 1778 Non
406 1753 504 1790 ergo
535 1737 581 1778 in
613 1738 738 1787 loco,
778 1752 919 1792 neque
953 1737 997 1777 in
1037 1748 1150 1778 terra
1180 1736 1344 1778 habitat
1372 1737 1502 1788 Deus,

81 1817 154 1857 sed
184 1816 230 1857 in
260 1816 390 1856 corde
419 1813 592 1856 habitat.
635 1814 691 1855 Et
719 1815 753 1856 si
780 1815 926 1855 locum
945 1813 1029 1855 Dei
1048 1813 1239 1870 requiris,
1272 1832 1348 1856 cor
1376 1832 1503 1856 mun-

83 1894 187 1933 dum
219 1904 277 1934 est
307 1893 428 1933 locus
459 1890 557 1949 ejus.
604 1892 654 1932 In
679 1892 764 1934 hoc
792 1908 979 1947 namque
1007 1893 1106 1932 loco
1139 1891 1429 1933 habitaturum
1458 1909 1502 1933 se

84 1969 199 2018 dicit,
230 1986 327 2010 cum
356 1985 434 2024 per
465 1969 722 2024 prophetam
753 1968 828 2009 ait:
866 1969 1096 2018 „habitabo
1115 1967 1160 2023 9)
1189 1968 1235 2008 in
1264 1968 1337 2017 iis,
1367 1980 1406 2008 et
1434 1969 1500 2010 in-

84 2047 338 2087 ambulabo:
380 2057 420 2087 et
456 2044 535 2101 ipsi
576 2056 698 2085 erunt
726 2044 831 2085 mihi
860 2046 1069 2100 populuS,
1120 2056 1158 2086 et
1195 2061 1270 2097 ego
1315 2062 1388 2086 ero
1419 2044 1500 2087 illis

81 2124 212 2175 Deus,
242 2124 343 2166 dicit
370 2123 626 2164 Dominus.“
691 2122 803 2164 Vide
845 2136 967 2174 ergo,
1005 2123 1103 2177 quia
1141 2122 1256 2164 forte
1299 2122 1424 2164 etiam
1451 2121 1499 2163 in

200 2278 243 2334 ¹)
274 2276 425 2318 Matth.
455 2277 488 2326 I,
519 2277 558 2318 1.
732 2275 778 2330 ²)
811 2274 912 2316 Luc.
942 2274 1102 2325 XXIV,
1133 2275 1200 2318 32.

194 2348 239 2402 3)
272 2348 423 2389 Genes.
454 2346 613 2395 XXVI,
643 2344 707 2388 18.

196 2417 242 2472 ⁴)
272 2416 550 2459 Desideratur
579 2415 769 2471 ‚,inquit“
795 2415 840 2457 in
870 2416 966 2458 edd.
993 2414 1055 2455 Μ.

197 2487 241 2543 ⁵)
272 2488 385 2529 Edd.
415 2485 610 2527 Merlini:
641 2485 740 2544 ejus.

195 2557 242 2614 ⁶)
273 2558 382 2599 Edd.
415 2555 607 2599 Merlini:
637 2555 848 2607 „infinitis.
921 2555 1010 2610 Qui
1040 2573 1062 2596 a
1092 2555 1263 2597 veritate
1293 2578 1345 2586 —
1376 2569 1492 2596 aver-

81 2626 191 2666 tant,
226 2616 281 2656 ad
309 2613 500 2655 fabulas“
526 2625 604 2660 etc,
633 2636 688 2644 —
719 2612 806 2654 Cfr.
835 2612 875 2652 Il
905 2612 1017 2654 Tim.
1046 2613 1119 2662 IV,
1149 2613 1187 2655 4.

197 2683 242 2738 ⁷)
272 2683 383 2724 Edd.
413 2682 608 2725 Nlerlini:
639 2683 750 2738 quia.
781 2707 832 2715 —
867 2681 954 2725 Cfr.
982 2683 1166 2726 Malach-
1196 2682 1229 2732 Ι,
1258 2681 1324 2724 11.

191 2754 240 2807 ⁸)
271 2752 358 2794 Csr.
390 2769 448 2793 ev.
475 2755 629 2795 Joann.
657 2752 730 2804 IV,
756 2753 823 2797 21.
851 2754 919 2797 23.

196 2824 243 2879 ⁹)
272 2821 398 2865 Levit.
427 2821 588 2872 XXVI,
616 2822 682 2865 12.
