1764 3096
275 87 363 130 250
883 80 1104 124 Omessms

278 197 391 251 gatis,
422 198 531 238 hanc
560 193 791 249 imaginem
818 193 987 244 terreni,
1021 210 1148 250 quam
1178 193 1298 236 Deus
1329 193 1373 235 in
1402 205 1443 237 te
1472 211 1562 238 non
1591 196 1701 249 fecit,

278 288 325 318 tu
355 275 432 316 tibi
461 275 550 331 ipse
581 272 781 329 depingis.
825 271 1060 328 Propterea
1092 288 1190 325 ergo
1218 273 1509 327 deprecandus
1540 284 1600 314 est
1619 290 1699 314 no-

276 353 342 395 bis
373 353 457 403 ille,
489 351 562 408 qui
593 350 695 391 dicit
723 366 801 405 per
831 349 1107 405 prophetam:
1137 365 1262 399 „ecce
1282 348 1324 404 ¹)
1345 364 1420 400 ego
1448 349 1571 390 deleo
1593 347 1700 389 sicut

276 433 438 473 nubem
468 430 706 485 iniquitates
749 438 862 477 tuas,
907 438 948 467 et
984 426 1091 468 sicut
1130 426 1348 478 caliginem
1387 436 1558 481 peccata
1588 430 1702 466 tua.“

275 510 334 551 Et
365 526 461 549 cum
492 504 693 548 deleverit
724 521 870 546 omnes
899 503 1000 546 istos
1030 503 1073 545 in
1104 516 1144 545 te
1177 504 1368 554 colores,
1414 502 1486 558 qui
1518 519 1565 543 ex
1595 501 1701 544 fucis

277 585 462 628 malitiae
492 583 620 625 sumti
647 593 767 633 sunt,
809 593 909 622 tunc
941 581 1228 638 resplendebit
1264 581 1310 622 in
1347 593 1388 622 te
1432 579 1570 633 imago
1615 579 1701 630 illa,

280 679 390 720 quae
421 679 442 703 a
473 662 570 703 Deo
604 672 742 702 creata
774 671 845 701 est.
903 659 1033 701 Vides
1061 657 1246 715 ergo,²)
1282 659 1504 715 quomodo
1537 657 1702 698 divinae

278 739 511 795 scripturae
541 740 700 780 formas
731 737 940 780 inducunt
971 748 1010 777 ct
1040 737 1212 788 figuras,
1254 735 1408 791 quibus
1439 737 1494 776 ad
1525 734 1702 788 agnitio-

278 834 378 859 nem
408 817 473 857 vel
503 816 799 872 purgationem
836 814 900 857 sui
930 813 1068 855 anima
1104 815 1321 855 doceatur.
1388 812 1462 854 Vis
1493 812 1632 853 adhuc
1664 823 1704 852 et

1760 590 1764 661 „Ast
1758 350 1764 575 ᾼ-4.-.Ᾰ.-..-..
1757 271 1764 332 -4—
1760 212 1764 242 -
1758 164 1759 168 Α

279 895 405 936 aliam
436 894 579 935 videre
609 895 791 934 formam
824 891 950 948 liujus
981 890 1208 943 imaginis?
1269 891 1379 932 Sunt
1411 891 1619 945 quaedam
1649 889 1701 930 li-
1761 916 1764 936 1

278 984 406 1021 terae,
439 987 541 1027 quas
572 971 690 1012 Deus
721 969 878 1018 scribit,
911 970 1119 1024 quaedam
1152 968 1318 1017 literae,
1362 983 1464 1023 quas
1493 984 1572 1008 nos
1602 966 1704 1008 scri-
1761 991 1764 1014 ι,

280 1048 433 1089 bimus.
496 1047 663 1087 peccati
695 1047 835 1087 literas
873 1062 950 1086 nos
983 1045 1217 1087 scribimus.
1288 1045 1403 1086 Audi
1447 1045 1703 1099 Apostolum
1758 1058 1764 1073 ·⁴

279 1125 512 1167 dicentem:
543 1123 788 1177 „delens‚³)
822 1122 972 1178 inquit,
1005 1124 1122 1177 quod
1146 1123 1366 1163 adversum
1392 1138 1470 1163 nos
1493 1133 1580 1162 erat
1613 1121 1700 1162 chi-
1762 1123 1764 1159 2

278 1203 541 1257 rographum
570 1200 615 1241 in
646 1198 836 1248 decretis,
870 1198 988 1254 quod
1020 1210 1109 1239 erat
1139 1198 1401 1239 contrarium
1429 1199 1576 1248 nobis,
1606 1197 1702 1239 tulit
1762 1197 1764 1210 ¹

276 1280 388 1321 illud
421 1281 473 1320 de
501 1277 660 1328 medio,
691 1277 864 1330 affigens
894 1275 1003 1316 illud
1035 1274 1149 1316 cruci
1178 1279 1315 1316 suae.“
1365 1275 1484 1316 Istud
1518 1275 1704 1331 quidem,
1751 1314 1753 1322 .

281 1357 399 1413 quod
431 1354 533 1397 dicit
570 1354 922 1410 chirographum,
964 1363 1239 1408 peccatorum
1275 1363 1524 1394 nostrorum
1564 1353 1703 1394 cautio

278 1434 372 1476 fuit.
430 1431 734 1488 Unusquisque
764 1429 920 1472 etenim
941 1442 1149 1479 nostrum,
1180 1429 1226 1470 in
1247 1429 1322 1478 his,
1355 1447 1463 1486 quae
1483 1429 1705 1486 delinquit,

280 1511 462 1554 efficitur
493 1510 674 1559 debitor,
705 1520 747 1550 et
777 1508 939 1564 peccati
969 1506 1033 1550 sui
1062 1507 1202 1548 literas
1231 1507 1386 1548 scribit.
1446 1507 1559 1562 Quia
1591 1519 1631 1548 et
1659 1506 1705 1547 in
1752 1496 1760 1546 ,f

278 1588 440 1646 judicio
471 1587 579 1637 Dei,
626 1587 744 1642 quod
774 1585 931 1626 Daniel
947 1584 993 1641 ⁴²)
1035 1584 1271 1626 consedisse
1301 1583 1522 1634 describit,
1571 1584 1704 1626 libros
1751 1616 1752 1621 ,

283 1667 387 1709 dicit
417 1677 611 1721 apertos,
650 1663 739 1704 sine
771 1662 904 1703 dubio
938 1661 1010 1717 qui
1042 1673 1212 1717 peccata
1254 1662 1479 1704 hominum
1510 1661 1702 1703 contine-

279 1755 387 1786 rent.
445 1743 537 1785 Hos
572 1757 670 1793 ergo
703 1739 782 1795 ipsi
812 1739 936 1780 nobis
967 1740 1188 1780 scribimus
1218 1755 1296 1794 per
1327 1755 1387 1789 ea,
1420 1755 1529 1795 quae
1563 1740 1700 1780 delin-

281 1821 464 1877 quimus.
513 1817 651 1876 Hujus
682 1816 794 1858 enim
823 1815 885 1858 rei
916 1828 956 1857 et
984 1816 1057 1856 illa
1085 1815 1225 1869 imago
1259 1828 1330 1867 est,
1364 1833 1471 1873 quae
1499 1817 1544 1858 in
1560 1817 1700 1858 Evan-
1756 1856 1760 1867 ,

279 1897 388 1950 gelio
421 1895 574 1937 dicitur
604 1896 658 1935 de
686 1894 826 1935 villico
858 1893 1114 1949 iniquitatis,
1164 1894 1238 1949 qui
1267 1894 1321 1935 ad
1350 1911 1703 1950 unumquemque

280 1974 519 2017 debitorem
552 1971 676 2013 dicit:
706 1971 938 2027 „accipe⁵)
967 1971 1108 2013 literas
1139 1983 1252 2022 tuas,
1300 1982 1342 2012 et
1379 1973 1528 2013 sedens
1565 1973 1701 2014 scribe

280 2051 537 2103 octoginta,“
567 2061 609 2090 et
639 2060 788 2099 cetera,
820 2065 928 2104 quae
957 2051 1210 2090 referuntur.
1281 2048 1410 2091 Vides
1441 2066 1563 2103 ergo,
1603 2050 1702 2106 quia

279 2127 512 2184 unicuique
555 2126 731 2169 dicitur:
776 2126 946 2182 „accipe
982 2127 1124 2168 literas
1161 2131 1294 2168 tuas.“
1363 2120 1494 2168 Unde
1537 2139 1702 2169 constat

278 2218 443 2247 nostras
458 2204 504 2260 ὃ)
534 2204 676 2245 literas
704 2215 892 2259 peccato,
922 2203 1063 2245 literas
1093 2216 1234 2245 autem
1263 2203 1346 2245 Dei
1377 2201 1532 2260 justitia
1562 2205 1699 2246 scribi.

279 2284 342 2325 Ita
376 2282 488 2323 enim
528 2279 628 2323 dicit
656 2281 910 2337 Apostolus:
941 2298 1041 2332 „vos
1059 2281 1103 2333 ⁷)
1134 2280 1246 2323 enim
1277 2282 1371 2323 estis
1394 2281 1570 2338 epistola
1600 2282 1703 2324 scri-

398 2436 442 2492 ¹)
472 2434 596 2478 Jesai.
627 2434 780 2485 XLIV,
809 2435 876 2477 22.
1009 2436 1055 2490 2)
1086 2436 1217 2477 Deest
1246 2440 1401 2488 „ergo“
1432 2434 1476 2476 in
1510 2435 1604 2476 edd.
1638 2435 1698 2475 M.

396 2505 443 2561 3)
476 2505 641 2546 Coloss.
672 2505 725 2555 II,
755 2505 818 2549 14.
936 2505 982 2561 ι)
1016 2506 1101 2548 Cfr.
1130 2506 1242 2547 Dan.
1274 2506 1366 2547 VII.

395 2577 440 2631 ⁵)
470 2577 572 2617 Luc.
602 2575 720 2626 XVI,
750 2577 788 2618 7.

397 2646 443 2702 ⁶)
475 2645 589 2687 Alias
619 2646 679 2702 (v.
708 2661 744 2686 c.
772 2645 817 2686 in
847 2647 941 2686 edd.
973 2646 1081 2700 Μ.);
1112 2659 1303 2696 „nostras
1323 2663 1410 2689 esse
1428 2645 1568 2688 literas
1598 2662 1698 2701 pec-

281 2703 374 2753 cati,
402 2704 542 2745 literas
573 2713 714 2743 autem
742 2700 923 2759 justitiae
953 2703 1071 2747 Deus
1098 2703 1281 2748 scribit.“
1349 2705 1405 2746 At
1445 2703 1550 2749 Mss.
1579 2713 1627 2744 ut
1653 2701 1697 2744 in
1751 2731 1754 2735 -

279 2772 425 2803 nostro
455 2771 582 2801 textu.
612 2759 664 2799 R.

398 2829 438 2884 ⁷)
467 2829 508 2870 II
541 2829 638 2871 Cor.
671 2826 723 2878 Π,
751 2830 791 2872 2.
818 2829 857 2873 3.

1760 2328 1764 2387 ε

1759 2398 1764 2486 i

1760 2526 1764 2588 ε

1757 2593 1764 2746 i

1758 2747 1764 2868 ἓ
