1764 3096
251 73 336 117 160
859 67 1082 112 Onmssms

250 185 379 228 nibus
407 183 596 234 foetidis,
629 194 667 225 et
698 181 816 232 vide,
847 181 879 222 si
909 182 953 224 in
982 182 1064 225 illis
1096 182 1257 232 vestris,
1296 198 1349 225 an
1379 182 1424 224 in
1454 181 1541 233 his,
1572 199 1678 241 quae

252 264 297 306 in
330 262 486 304 Christi
517 259 689 302 ecclesia
720 257 1041 314 praedicantur,
1075 259 1337 301 circumcisio
1371 259 1568 302 (livinitus
1601 263 1680 303 ob-

253 352 461 384 servetur:
491 339 524 382 si
556 356 648 380 non
679 337 803 379 etiam
833 336 923 393 ipse
953 336 1091 387 sentis,
1123 349 1161 378 et
1191 336 1384 389 intelligis
1406 338 1517 378 hane
1548 339 1682 380 eccle-

253 418 340 461 siae
370 417 702 460 circumcioncm
733 417 971 464 honestam,
998 426 1201 464 sanctam,
1220 415 1316 457 Deo
1351 414 1534 468 dignam,
1563 415 1682 457 illam

256 507 436 538 vestram
466 508 651 551 turpem,
684 494 873 541 foedam,
905 493 1158 550 deformem,
1189 491 1281 549 ipso
1307 492 1433 535 etiam
1463 492 1610 534 habitu
1642 504 1683 534 et

255 586 428 632 aspectu
457 570 816 629 κακέμᾳατονῙ)
848 571 1170 626 praeferentem.
1242 569 1387 627 „Et²)
1427 570 1503 612 erit
1533 596 1585 603 .-.
1618 571 1685 612 ἰη-

257 652 348 709 quit
385 652 502 691 Deus
544 650 597 690 ad
643 647 862 688 Abraham
904 670 955 678 —
1000 646 1263 688 circumcisio
1308 659 1347 688 et
1388 659 1684 689 testamentum

254 745 399 770 meum
431 742 559 782 super
589 741 758 765 carnem
790 729 946 765 tuam.“
1005 723 1051 765 Si
1083 740 1181 775 ergo
1212 724 1305 766 talis
1335 724 1462 766 suerit
1491 724 1570 765 vita
1601 742 1684 766 no-

255 819 353 856 stra,
381 805 439 846 ita
471 801 671 845 omnibus
701 800 906 842 membris
929 802 1134 857 quadrata
1165 813 1203 843 et
1234 800 1485 857 composita,
1515 813 1561 842 ut
1590 799 1685 842 uni-

255 883 364 926 versi
393 894 535 923 motus
567 878 703 921 nostri
731 880 969 920 secundum
1000 878 1083 920 Dei
1115 881 1224 931 leges
1256 890 1455 931 agantur,
1498 894 1594 919 vere
1624 889 1686 918 te-

258 971 512 1003 stamentum
545 956 629 998 Dei
672 956 750 998 erit
788 973 917 1013 super
956 973 1128 998 carnem
1163 968 1367 999 nostram.
1444 955 1560 997 Haec
1592 954 1685 1011 qui-

260 1041 357 1080 dem
387 1035 571 1077 breviter
601 1051 623 1075 a
653 1033 778 1075 nobis
811 1036 863 1075 de
893 1034 1024 1075 veteri
1053 1047 1302 1076 testamento
1326 1046 1562 1075 transcursa
1593 1031 1688 1082 siut,

260 1116 312 1156 ad
351 1113 639 1155 confutandos
681 1127 775 1161 eos,
817 1111 890 1168 qui
935 1112 977 1153 in
1019 1111 1155 1153 carnis
1196 1110 1516 1152 circumcisione
1553 1111 1688 1151 confi-

262 1194 381 1241 dunt,
413 1189 537 1231 simul
578 1201 617 1230 et
649 1190 702 1230 ad
734 1188 951 1230 ecclesiam
981 1187 1164 1229 Domini
1195 1185 1584 1242 aedificandum.³)

374 1268 412 1310 7.
445 1267 531 1308 Sed
560 1265 684 1306 venio
720 1254 846 1306 etiarn
877 1267 930 1307 ad
960 1282 1122 1313 novum
1150 1275 1470 1315 testamentum,
1513 1263 1559 1304 in
1601 1280 1686 1319 quo

263 1358 321 1388 est
349 1343 572 1402 plenitudo
608 1341 823 1392 omnium,
855 1354 894 1384 et
922 1342 1024 1384 inde
1052 1343 1152 1384 volo
1187 1343 1432 1392 ostendere,
1464 1342 1687 1398 quomodo
1747 1342 1749 1347 ’

263 1435 303 1465 et
331 1439 413 1464 nos
444 1420 655 1477 possimus
695 1437 857 1462 novum
888 1432 1185 1462 testamentum
1214 1418 1397 1461 Domini
1424 1418 1558 1461 nostri
1586 1420 1690 1461 Jesu

264 1498 421 1542 Christi
450 1499 609 1540 habere
639 1514 768 1554 super
797 1515 966 1540 carnem
998 1509 1200 1539 nostram.
1258 1500 1360 1541 Non
1392 1496 1504 1540 enim
1535 1495 1690 1539 sufficit

262 1578 356 1620 solo
387 1575 566 1617 nomine
597 1587 635 1617 et
665 1576 797 1617 verbo
829 1575 934 1616 haee
975 1575 1078 1624 dici,
1118 1576 1192 1616 sed
1231 1575 1358 1617 rebus
1401 1586 1573 1631 oportet
1607 1573 1688 1615 im-

260 1653 383 1711 pleri.
442 1654 633 1695 Joannes
664 1652 824 1709 quippe
854 1653 1087 1708 Apostolus
1129 1651 1252 1694 dicit:
1296 1651 1461 1703 „omnis
1478 1651 1524 1707 4)
1565 1650 1687 1707 spiri-

262 1745 352 1782 tus,
393 1730 467 1788 qui
497 1732 726 1772 confitetur
769 1731 915 1771 Jesum
945 1728 989 1770 in
1023 1746 1149 1771 carne
1178 1728 1360 1779 venisse,
1401 1746 1424 1770 a
1453 1728 1550 1769 Deo
1593 1732 1691 1770 est.“

265 1809 385 1864 Quid
418 1807 546 1861 ergo?
574 1807 621 1849 Si
648 1823 829 1863 peccans
861 1805 966 1862 quis,
999 1817 1038 1848 et
1067 1824 1159 1848 non
1190 1819 1304 1848 recte
1332 1822 1457 1859 agens
1484 1803 1688 1847 confitea-

262 1900 333 1929 tur
362 1887 511 1928 Jesum
538 1884 585 1926 in
616 1901 742 1927 carne
770 1883 942 1934 venisse,
969 1883 1015 1924 in
1042 1883 1192 1940 spiritu
1211 1884 1294 1925 Dei
1318 1883 1531 1925 videbitur
1554 1882 1689 1923 confi-

265 1962 377 2006 teri?
414 1964 516 2004 Non
541 1974 599 2004 est
628 1963 714 2005 hoc
742 1972 1039 2004 testamentum
1062 1960 1147 2002 Dei
1175 1961 1334 2002 habere
1362 1960 1407 2001 in
1439 1977 1588 2016 carne,
1617 1961 1691 2002 sed

265 2042 309 2083 in
330 2057 448 2083 voce.
479 2039 651 2082 Dicitur
673 2054 773 2092 ergo
792 2039 955 2080 adeum
977 2037 1135 2080 suatim:
1157 2040 1446 2091 erras,homo,
1461 2037 1691 2092 regnum5)

269 2117 488 2169 „Deinon
508 2116 554 2158 in
583 2133 783 2159 sermone
813 2127 885 2166 est,
916 2117 989 2157 sed
1019 2115 1065 2157 in
1094 2116 1287 2159 virtute.“'
1326 2116 1565 2172 Quomodo
1590 2131 1688 2168 ergo

270 2195 347 2238 erit
366 2206 664 2236 testamentum
684 2193 839 2236 Christi
869 2210 997 2250 super
1024 2211 1197 2237 carnem
1226 2210 1379 2244 meam,
1410 2194 1595 2250 requiro.
1643 2192 1689 2234 Si

267 2271 644 2333 mortificxaveross)
682 2273 876 2312 membra
914 2287 1033 2321 mea,
1071 2288 1180 2327 quae
1219 2283 1317 2313 sunt
1355 2287 1482 2327 super
1518 2282 1689 2321 terram,

268 2360 564 2396 testamentum
597 2346 753 2388 Christi
781 2347 920 2388 habeo
951 2363 1079 2403 super
1113 2364 1285 2390 carnem
1313 2364 1467 2391 meam.
1515 2347 1561 2391 Si
1578 2364 1689 2391 sem-

386 2532 432 2588 1)
461 2531 572 2573 Edd.
601 2529 778 2570 Merlini
805 2546 1055 2587 perperam:
1086 2532 1359 2589 κακέφατον.

389 2602 436 2658 2)
468 2601 619 2643 Genes.
648 2600 786 2651 XVII,
815 2601 881 2644 13.

387 2674 435 2728 ³)
465 2672 575 2714 Edd.
605 2670 799 2713 Merlini:
829 2670 1146 2714 aedificandam.

386 2742 434 2798 ⁴²)
463 2743 483 2782 I
512 2743 671 2784 Joann.
702 2741 774 2793 IV,
803 2744 842 2785 2.
961 2743 1006 2800 5)
1035 2743 1055 2784 Ι
1087 2743 1187 2786 Cor.
1217 2742 1291 2795 IV,
1319 2743 1384 2787 20‘

392 2812 438 2868 ⁶)
471 2811 556 2855 Cfr.
592 2812 756 2858 Coloss.
786 2812 857 2864 III,
888 2813 924 2858 1.
