1764 3096
364 123 422 154 nx
454 111 664 153 Onmmm
696 108 898 151 SELEc‘rA
927 120 974 150 m
1003 107 1216 153 Exonum.
1415 110 1501 156 319

90 223 277 287 Φαραὼ,
307 225 385 268 καὶ
418 221 502 267 οὐκ
520 211 799 277 Ἰεἰσήκουσεν
828 218 989 276 αὐτῶν,
1021 219 1174 269 καθὼς
1198 217 1385 275 ἐλάλησε
1416 217 1502 264 κύ·-

87 304 229 363 ριος.“
285 305 430 345 Δοκεῖ
456 302 511 344 δέ
533 315 615 357 μοι
644 297 671 354 ἡ
710 299 797 354 μὲν
827 298 1074 342 ἐνδιδοῦσα
1107 298 1273 357 καρδία
1302 296 1418 355 πρὸς
1447 295 1502 340 τὰ

87 386 209 433 θεῖα,
242 376 560 423 ἁπαλύνεσθαι
591 378 668 420 καὶ
695 373 760 433 μὴ
789 373 964 433 ἰσχύειν
993 375 1303 421 ἀνθίστασθαι
1320 378 1371 435 τῇ
1401 381 1504 419 θει-

87 455 227 514 ότητι,
259 459 335 500 καὶ
363 454 428 513 μὴ
455 452 758 512 βαρύνεσθαι,
788 454 906 511 μηδὲ
934 453 1145 498 ἕλκεσθαι
1173 451 1293 497 κάτω
1324 455 1387 501 εἷς
1414 455 1505 509 γῆν

87 537 165 578 καὶ
196 532 324 589 ὕλην
355 532 382 588 ἡ
415 534 467 577 δὲ
498 532 809 577 ἀντιτείνουσα
838 533 916 574 καὶ
945 532 1268 590 ἑναντιουμένη
1299 534 1360 588 τῷ
1391 536 1503 587 θείῳ

86 609 355 667 βουλήματι,
387 608 721 669 σκληρύνεσθαι
757 610 836 651 καὶ
874 607 1137 653 ἀντιτυπεῖν
1175 609 1309 664 δίκην
1350 611 1501 662 λίθου,

88 690 166 731 καὶ
196 684 539 745 ἀποκρούεσθαι
576 685 657 731 τὸν
685 682 852 744 λόγον,
895 689 973 729 καὶ
1011 684 1101 728 κατ’
1147 683 1378 729 ἀπόνοιαν
1417 685 1505 728 ἀν-

87 771 338 809 θίστασθαι
365 762 481 822 μετά
507 781 628 814 τινος
657 759 972 821 ψευδωνύμου
1003 759 1173 819 ἵσχύος.
1228 761 1423 820 Ἀνάγκη
1455 764 1508 806 δὲ

88 841 171 897 τὴν
208 839 419 896 τοιαύτην
458 843 677 901 καρδίαν,
718 842 1062 898 καθελκομένην
1102 838 1195 884 ὑπὸ
1239 842 1317 895 τῆς
1345 845 1507 889 κακίας

89 915 227 975 οὔσης
254 921 562 979 κατωφεροῦς,
591 916 892 975 βαρύνεσθαι,
951 915 1015 962 Οὐ
1044 915 1140 976 μὴν
1167 915 1281 961 κατὰ
1309 915 1392 972 τὴν
1421 917 1509 961 αὐ-

89 995 171 1053 τὴν
199 995 413 1042 διάνοιαν
459 999 600 1040 ταῦτα
638 999 688 1057 τῇ
726 996 893 1053 καρδίᾳ
928 1000 1190 1051 συμβαίνει,
1233 998 1273 1040 εἰ
1309 998 1387 1038 καὶ
1421 999 1508 1054 μιᾷ

89 1079 167 1118 καὶ
196 1078 246 1135 τῇ
277 1074 385 1134 αὐτῇ
426 1077 679 1131 συμβέβηκε
717 1071 870 1133 φαύλῃ
909 1067 1018 1132 οὔσῃ
1056 1070 1106 1116 τὸ
1145 1071 1404 1130 κατισχύειν
1432 1077 1510 1117 καὶ

90 1152 140 1195 τὸ
167 1150 467 1211 βαρύνεσθαι.
508 1150 568 1195 ‘H
581 1152 670 1209 μὲν
698 1149 802 1209 γὰρ,
835 1150 894 1200 ὠς
922 1153 1096 1210 εἴρηταί
1111 1166 1217 1204 που,
1248 1152 1400 1205 λιθίνη
1432 1155 1510 1209 γί-

93 1246 216 1274 νεται
246 1228 272 1285 ἡ
305 1232 492 1286 καρδία,
535 1232 613 1273 καὶ
645 1225 953 1287 σκληρύνεται’
994 1225 1020 1282 ἡ
1065 1227 1116 1270 δὲ
1155 1225 1208 1270 οὐ
1247 1233 1515 1286 παραχωρεῖ

92 1306 152 1356 ὠς
181 1312 402 1367 κρείττονι
437 1310 487 1368 τῇ
527 1312 632 1363 θείᾳ
677 1304 826 1365 φύσει·
863 1303 976 1349 ἀλλὰ
1014 1309 1264 1362 θεομαχεῖν
1291 1307 1510 1363 ἱσταμένη

93 1384 185 1428 κατ’
222 1384 356 1440 αὐτῆς
384 1388 463 1429 καὶ
492 1382 666 1442 ἰσχύειν
693 1388 886 1442 λέγεται.

208 1458 361 1518 ,,Εἶπε
380 1463 423 1519 Ι)
454 1462 505 1506 δὲ
534 1461 655 1518 αὐτῷ
685 1465 904 1517 Ῐῑῖωυσῆς·
936 1460 996 1510 ὠς
1025 1457 1084 1504 ἄν
1113 1460 1279 1510 ἐξέλθω
1309 1457 1393 1516 τὴν
1419 1458 1513 1504 πό-

93 1542 180 1595 λιν,
214 1536 444 1584 ἕκπετάσω
476 1537 555 1589 τὰς
576 1536 735 1600 χεῖράς
760 1555 854 1597 μου
883 1538 999 1595 πρὸς
1026 1536 1198 1596 κύριον,
1229 1541 1308 1581 καὶ
1331 1540 1378 1581 αἱ
1408 1555 1512 1595 φω-

95 1619 173 1661 ναὶ
202 1616 472 1673 παύσονται,
503 1615 625 1672 καὶὴ
649 1614 840 1674 χάλαζα,
872 1617 951 1660 καὶ
976 1614 998 1660 ὁ
1019 1613 1146 1666 ὑετὸς
1163 1614 1310 1660 οὐκέτι
1339 1617 1515 1661 ἔσται.“

92 1692 141 1737 Ὁ
170 1693 260 1751 γὰρ
290 1692 480 1739 πάντων
509 1692 787 1753 δημιουργὸς
813 1692 928 1753 πρὸς
956 1691 1038 1749 τὴν
1069 1695 1273 1738 κέλευσιν
1304 1692 1388 1749 τὴν
1416 1691 1514 1751 φύ-

97 1785 172 1815 σιν
200 1775 415 1816 εἴκουσαν
444 1773 550 1828 ἔχει.

209 1851 344 1905 ,,Τοῦ
362 1849 408 1904 ²)
455 1847 650 1893 αὗτοῦ.“
722 1851 1012 1906 Σημειωτέον
1057 1846 1126 1893 ὅτι
1168 1847 1221 1892 οὐ
1267 1846 1420 1891 πάντα
1463 1850 1515 1908 τῇ

98 1923 253 1982 ῥάβδῳ
282 1931 575 1986 τερατουργεῖ
598 1928 817 1981 Μωυσῆς,
850 1923 965 1968 ἀλλὰ
994 1929 1071 1968 καὶ
1108 1927 1243 1983 χερσὶ
1271 1928 1348 1968 καὶ
1376 1923 1514 1982 λόγῳ,

99 2007 174 2046 ἵνα
203 2000 267 2059 μὴ
297 2000 379 2057 τὴν
408 2000 584 2060 ῥάβδον
609 2008 828 2062 μαγικαῖς
858 2000 1050 2052 ἀπάταις
1069 2006 1296 2047 τελεῖσθαι
1327 2004 1370 2047 οἱ
1398 2005 1517 2046 πολ-

100 2083 174 2123 λοὶ
202 2084 441 2136 νομίσωσι.

213 2157 593 2215 ,,Λαβε’τωσαν3)
624 2156 810 2206 ἕκαστος
846 2153 1082 2215 πρόβατον
1117 2156 1209 2200 κατ’
1242 2160 1393 2205 οἴκους
1421 2172 1518 2200 πα-

102 2237 289 2291 τριῶν,“
321 2232 481 2278 καὶτὰ
520 2235 634 2290 ἑξῆς.
698 2233 808 2279 Ἀπὸ
848 2237 922 2291 τῆς
961 2231 1149 2289 δεκάτης
1187 2237 1301 2292 ([ησὶ
1335 2232 1519 2292 λαμβά-

103 2327 199 2356 νειν
226 2309 472 2369 πρόβατον,
507 2316 584 2355 καὶ
613 2316 797 2370 τρέφειν
818 2311 901 2362 ἕως
919 2309 998 2355 ιδ’·
1029 2314 1107 2355 καὶ
1126 2308 1414 2369 ἐπονομάσαι
1443 2315 1520 2355 λέ-

103 2406 283 2447 γοντας,
309 2392 440 2433 τοῦτο
471 2388 520 2433 τὸ
551 2387 784 2445 πρόβατον
813 2386 969 2435 θύεται
1000 2388 1113 2447 ὑπὲρ
1142 2391 1276 2433 τοῦδε
1305 2392 1382 2432 καὶ
1412 2392 1522 2433 τοῦ-

106 2469 172 2511 δε·
207 2466 291 2524 οὐχ
328 2464 702 2525 ὑπερβαινόντων
740 2468 889 2512 αὐτῶν
926 2471 947 2509 ί
984 2465 1244 2524 ὀνομάτων·
1274 2470 1351 2510 καὶ
1380 2470 1430 2526 τῇ
1459 2464 1521 2510 ιδ’

228 2662 270 2717 ¹)
299 2662 435 2706 Exod.
466 2664 541 2713 IX,
574 2665 641 2708 29,
672 2693 727 2703 -
757 2665 869 2708 Edd.
902 2665 1036 2706 LXX.
1059 2665 1271 2707 virorum:
1303 2661 1416 2720 πρὸς
1444 2662 1525 2705 τὸν

109 2715 280 2774 κύριον,
314 2744 380 2774 -,
414 2722 491 2762 καὶ
521 2719 544 2764 ὁ
578 2720 702 2770 ὑετὸς
730 2721 813 2765 οὐκ
843 2724 967 2766 ἔσται
995 2724 1073 2766 ἔτι.

223 2787 270 2842 ²)
300 2789 387 2833 Cfr.
418 2806 512 2845 pag.
543 2789 631 2848 huj.
663 2804 753 2839 not.
787 2796 823 2836 1.

226 2856 242 2881 ³
252 2860 272 2913 )
301 2857 438 2901 Exod.
467 2860 565 2914 ΧΗ,
594 2863 633 2906 3.
