<?xml version="1.0" encoding="UTF-8"?>
<!DOCTYPE html PUBLIC "-//W3C//DTD XHTML 1.0 Transitional//EN"
    "http://www.w3.org/TR/xhtml1/DTD/xhtml1-transitional.dtd">
<html xmlns="http://www.w3.org/1999/xhtml" xml:lang="en" lang="en">
 <head>
  <title>
</title>
<meta http-equiv="Content-Type" content="text/html;charset=utf-8" />
  <meta name='ocr-system' content='tesseract 3.04.00' />
  <meta name='ocr-capabilities' content='ocr_page ocr_carea ocr_par ocr_line ocrx_word'/>
</head>
<body>
  <div class='ocr_page' id='page_1' title='image "./operaomniaquaegr08orig/operaomniaquaegr08orig_0221.png"; bbox 0 0 1764 3096; ppageno 0'>
   <div class='ocr_carea' id='block_1_1' title="bbox 461 78 1478 126">
    <p class='ocr_par' dir='ltr' id='par_1_1' title="bbox 461 78 1478 126">
     <span class='ocr_line' id='line_1_1' title="bbox 461 78 1478 126; baseline -0.001 0"><span class='ocrx_word' id='word_1_1' title='bbox 461 97 506 126; x_wconf 76' lang='lat' dir='ltr'><strong>m</strong></span> <span class='ocrx_word' id='word_1_2' title='bbox 538 83 738 125; x_wconf 68' lang='lat' dir='ltr'><strong>GENEsm</strong></span> <span class='ocrx_word' id='word_1_3' title='bbox 768 78 973 123; x_wconf 75' lang='lat' dir='ltr'><strong>HonnuA</strong></span> <span class='ocrx_word' id='word_1_4' title='bbox 994 79 1067 122; x_wconf 93' lang='lat' dir='ltr'><strong>IX.</strong></span> <span class='ocrx_word' id='word_1_5' title='bbox 1393 82 1478 125; x_wconf 84' lang='lat'><strong>209</strong></span> 
     </span>
    </p>
   </div>
   <div class='ocr_carea' id='block_1_2' title="bbox 0 191 1476 2364">
    <p class='ocr_par' dir='ltr' id='par_1_2' title="bbox 52 191 1476 624">
     <span class='ocr_line' id='line_1_2' title="bbox 59 191 1476 248; baseline -0.007 -5"><span class='ocrx_word' id='word_1_6' title='bbox 59 211 117 243; x_wconf 79' lang='lat' dir='ltr'><strong>est</strong></span> <span class='ocrx_word' id='word_1_7' title='bbox 147 199 183 242; x_wconf 90' lang='lat' dir='ltr'><strong>ei</strong></span> <span class='ocrx_word' id='word_1_8' title='bbox 215 200 268 241; x_wconf 81' lang='lat' dir='ltr'><strong>de</strong></span> <span class='ocrx_word' id='word_1_9' title='bbox 298 196 440 238; x_wconf 84' lang='lat' dir='ltr'><strong>coelo:</strong></span> <span class='ocrx_word' id='word_1_10' title='bbox 480 205 520 236; x_wconf 88' lang='lat' dir='ltr'><strong>et</strong></span> <span class='ocrx_word' id='word_1_11' title='bbox 558 194 682 235; x_wconf 84' lang='lat' dir='ltr'><strong>datur</strong></span> <span class='ocrx_word' id='word_1_12' title='bbox 716 191 940 248; x_wconf 77' lang='lat' dir='ltr'>promissio</span> <span class='ocrx_word' id='word_1_13' title='bbox 985 192 1039 233; x_wconf 89' lang='lat' dir='ltr'><strong>de</strong></span> <span class='ocrx_word' id='word_1_14' title='bbox 1067 201 1178 231; x_wconf 80' lang='lat' dir='ltr'><strong>terra</strong></span> <span class='ocrx_word' id='word_1_15' title='bbox 1208 191 1369 246; x_wconf 81' lang='lat' dir='ltr'><strong>prima,</strong></span> <span class='ocrx_word' id='word_1_16' title='bbox 1412 209 1476 235; x_wconf 86' lang='lat' dir='ltr'><strong>se-</strong></span> 
     </span>
     <span class='ocr_line' id='line_1_3' title="bbox 59 266 1475 325; baseline -0.007 -6"><span class='ocrx_word' id='word_1_17' title='bbox 59 277 199 318; x_wconf 79' lang='lat' dir='ltr'><strong>cunda</strong></span> <span class='ocrx_word' id='word_1_18' title='bbox 230 276 281 315; x_wconf 90' lang='lat' dir='ltr'><strong>de</strong></span> <span class='ocrx_word' id='word_1_19' title='bbox 312 274 445 314; x_wconf 88' lang='lat' dir='ltr'><strong>coelo.</strong></span> <span class='ocrx_word' id='word_1_20' title='bbox 503 271 658 312; x_wconf 87' lang='lat' dir='ltr'>Nonne</span> <span class='ocrx_word' id='word_1_21' title='bbox 688 281 832 325; x_wconf 84' lang='lat' dir='ltr'><strong>aperte</strong></span> <span class='ocrx_word' id='word_1_22' title='bbox 863 267 932 310; x_wconf 89' lang='lat' dir='ltr'><strong>hic</strong></span> <span class='ocrx_word' id='word_1_23' title='bbox 962 268 1071 309; x_wconf 88' lang='lat' dir='ltr'><strong>illud</strong></span> <span class='ocrx_word' id='word_1_24' title='bbox 1112 266 1330 318; x_wconf 82' lang='lat' dir='ltr'><strong>designare</strong></span> <span class='ocrx_word' id='word_1_25' title='bbox 1361 267 1475 310; x_wconf 78' lang='lat' dir='ltr'><strong>vide-</strong></span> 
     </span>
     <span class='ocr_line' id='line_1_4' title="bbox 56 344 1475 406; baseline -0.006 -12"><span class='ocrx_word' id='word_1_26' title='bbox 56 363 136 402; x_wconf 88' lang='lat' dir='ltr'><strong>tur,</strong></span> <span class='ocrx_word' id='word_1_27' title='bbox 167 351 283 406; x_wconf 88' lang='lat' dir='ltr'><strong>quod</strong></span> <span class='ocrx_word' id='word_1_28' title='bbox 315 348 542 403; x_wconf 89' lang='lat' dir='ltr'><strong>Apostolus</strong></span> <span class='ocrx_word' id='word_1_29' title='bbox 574 345 692 388; x_wconf 87' lang='lat' dir='ltr'><strong>dicit:</strong></span> <span class='ocrx_word' id='word_1_30' title='bbox 725 344 914 400; x_wconf 86' lang='lat' dir='ltr'><strong>„primus</strong></span> <span class='ocrx_word' id='word_1_31' title='bbox 933 344 975 401; x_wconf 89' lang='lat'><strong>¹)</strong></span> <span class='ocrx_word' id='word_1_32' title='bbox 1004 345 1136 385; x_wconf 90' lang='lat' dir='ltr'><strong>homo</strong></span> <span class='ocrx_word' id='word_1_33' title='bbox 1168 344 1222 384; x_wconf 88' lang='lat' dir='ltr'><strong>de</strong></span> <span class='ocrx_word' id='word_1_34' title='bbox 1250 354 1361 386; x_wconf 81' lang='lat' dir='ltr'><strong>terra</strong></span> <span class='ocrx_word' id='word_1_35' title='bbox 1391 356 1475 386; x_wconf 79' lang='lat' dir='ltr'><strong>ter-</strong></span> 
     </span>
     <span class='ocr_line' id='line_1_5' title="bbox 55 419 1474 476; baseline -0.004 -8"><span class='ocrx_word' id='word_1_36' title='bbox 55 444 191 476; x_wconf 81' lang='lat' dir='ltr'><strong>renus,</strong></span> <span class='ocrx_word' id='word_1_37' title='bbox 224 425 433 467; x_wconf 86' lang='lat' dir='ltr'><strong>secundus</strong></span> <span class='ocrx_word' id='word_1_38' title='bbox 463 424 596 464; x_wconf 89' lang='lat' dir='ltr'><strong>homo</strong></span> <span class='ocrx_word' id='word_1_39' title='bbox 617 424 669 464; x_wconf 88' lang='lat' dir='ltr'><strong>de</strong></span> <span class='ocrx_word' id='word_1_40' title='bbox 693 421 814 462; x_wconf 88' lang='lat' dir='ltr'><strong>coelo</strong></span> <span class='ocrx_word' id='word_1_41' title='bbox 840 420 1026 463; x_wconf 84' lang='lat' dir='ltr'><strong>coelestis</strong></span> <span class='ocrx_word' id='word_1_42' title='bbox 1039 419 1083 462; x_wconf 80' lang='lat'><strong>?“</strong></span> <span class='ocrx_word' id='word_1_43' title='bbox 1128 420 1208 463; x_wconf 78' lang='lat' dir='ltr'><strong>Ista</strong></span> <span class='ocrx_word' id='word_1_44' title='bbox 1241 436 1338 473; x_wconf 78' lang='lat' dir='ltr'><strong>ergo</strong></span> <span class='ocrx_word' id='word_1_45' title='bbox 1369 437 1474 476; x_wconf 89' lang='lat' dir='ltr'><strong>pro-</strong></span> 
     </span>
     <span class='ocr_line' id='line_1_6' title="bbox 52 497 1473 556; baseline -0.004 -13"><span class='ocrx_word' id='word_1_46' title='bbox 52 501 209 551; x_wconf 82' lang='lat' dir='ltr'>missio,</span> <span class='ocrx_word' id='word_1_47' title='bbox 240 517 348 556; x_wconf 80' lang='lat' dir='ltr'><strong>quae</strong></span> <span class='ocrx_word' id='word_1_48' title='bbox 378 501 432 542; x_wconf 82' lang='lat' dir='ltr'><strong>ad</strong></span> <span class='ocrx_word' id='word_1_49' title='bbox 461 500 632 540; x_wconf 83' lang='lat' dir='ltr'><strong>fidelem</strong></span> <span class='ocrx_word' id='word_1_50' title='bbox 662 497 876 554; x_wconf 86' lang='lat' dir='ltr'><strong>populum</strong></span> <span class='ocrx_word' id='word_1_51' title='bbox 915 497 1111 552; x_wconf 80' lang='lat' dir='ltr'><strong>pertinet,</strong></span> <span class='ocrx_word' id='word_1_52' title='bbox 1144 497 1198 537; x_wconf 89' lang='lat' dir='ltr'><strong>de</strong></span> <span class='ocrx_word' id='word_1_53' title='bbox 1237 498 1357 538; x_wconf 89' lang='lat' dir='ltr'><strong>coelo</strong></span> <span class='ocrx_word' id='word_1_54' title='bbox 1400 508 1473 547; x_wconf 85' lang='lat' dir='ltr'><strong>est,</strong></span> 
     </span>
     <span class='ocr_line' id='line_1_7' title="bbox 53 573 1469 624; baseline -0.004 -3"><span class='ocrx_word' id='word_1_55' title='bbox 53 579 123 622; x_wconf 85' lang='lat' dir='ltr'><strong>illa</strong></span> <span class='ocrx_word' id='word_1_56' title='bbox 154 578 207 618; x_wconf 90' lang='lat' dir='ltr'><strong>de</strong></span> <span class='ocrx_word' id='word_1_57' title='bbox 235 588 357 618; x_wconf 81' lang='lat' dir='ltr'><strong>terra.</strong></span> <span class='ocrx_word' id='word_1_58' title='bbox 416 575 466 616; x_wconf 89' lang='lat' dir='ltr'><strong>In</strong></span> <span class='ocrx_word' id='word_1_59' title='bbox 495 575 566 616; x_wconf 77' lang='lat' dir='ltr'><strong>illa</strong></span> <span class='ocrx_word' id='word_1_60' title='bbox 596 591 735 616; x_wconf 88' lang='lat' dir='ltr'><strong>sermo</strong></span> <span class='ocrx_word' id='word_1_61' title='bbox 778 575 1077 616; x_wconf 81' lang='lat' dir='ltr'><strong>tantummodo</strong></span> <span class='ocrx_word' id='word_1_62' title='bbox 1109 574 1209 624; x_wconf 87' lang='lat' dir='ltr'><strong>fuit,</strong></span> <span class='ocrx_word' id='word_1_63' title='bbox 1241 573 1309 614; x_wconf 83' lang='lat' dir='ltr'><strong>hie</strong></span> <span class='ocrx_word' id='word_1_64' title='bbox 1338 575 1469 616; x_wconf 88' lang='lat' dir='ltr'><strong>inter-</strong></span> 
     </span>
    </p>

    <p class='ocr_par' dir='ltr' id='par_1_3' title="bbox 5 630 1473 1930">
     <span class='ocr_line' id='line_1_8' title="bbox 5 630 1471 711; baseline -0.002 -16"><span class='ocrx_word' id='word_1_65' title='bbox 5 630 18 656; x_wconf 45' lang='lat'><em>²</em></span> <span class='ocrx_word' id='word_1_66' title='bbox 52 653 227 711; x_wconf 87' lang='lat' dir='ltr'><strong>ponitur</strong></span> <span class='ocrx_word' id='word_1_67' title='bbox 263 651 581 710; x_wconf 79' lang='lat' dir='ltr'><strong>jusjurandum,</strong></span> <span class='ocrx_word' id='word_1_68' title='bbox 633 652 751 706; x_wconf 88' lang='lat' dir='ltr'><strong>quod</strong></span> <span class='ocrx_word' id='word_1_69' title='bbox 804 650 1102 705; x_wconf 74' lang='lat' dir='ltr'><strong>interpretatur</strong></span> <span class='ocrx_word' id='word_1_70' title='bbox 1144 651 1199 691; x_wconf 82' lang='lat' dir='ltr'><strong>ad</strong></span> <span class='ocrx_word' id='word_1_71' title='bbox 1249 649 1471 692; x_wconf 78' lang='lat' dir='ltr'><strong>Hebraeos</strong></span> 
     </span>
     <span class='ocr_line' id='line_1_9' title="bbox 51 726 1470 783; baseline -0.004 -10"><span class='ocrx_word' id='word_1_72' title='bbox 51 731 234 775; x_wconf 81' lang='lat' dir='ltr'><strong>scribens</strong></span> <span class='ocrx_word' id='word_1_73' title='bbox 264 741 428 771; x_wconf 85' lang='lat' dir='ltr'><strong>sanctus</strong></span> <span class='ocrx_word' id='word_1_74' title='bbox 464 727 698 783; x_wconf 88' lang='lat' dir='ltr'>Apostolus</span> <span class='ocrx_word' id='word_1_75' title='bbox 737 727 819 767; x_wconf 89' lang='lat' dir='ltr'><strong>hoc</strong></span> <span class='ocrx_word' id='word_1_76' title='bbox 853 728 986 768; x_wconf 88' lang='lat' dir='ltr'><strong>modo</strong></span> <span class='ocrx_word' id='word_1_77' title='bbox 1019 726 1184 768; x_wconf 86' lang='lat' dir='ltr'><strong>dicens:</strong></span> <span class='ocrx_word' id='word_1_78' title='bbox 1222 726 1470 782; x_wconf 84' lang='lat' dir='ltr'><strong>„volens‚²)</strong></span> 
     </span>
     <span class='ocr_line' id='line_1_10' title="bbox 53 803 1472 861; baseline -0.002 -14"><span class='ocrx_word' id='word_1_79' title='bbox 53 806 200 861; x_wconf 84' lang='lat' dir='ltr'><strong>inquit,</strong></span> <span class='ocrx_word' id='word_1_80' title='bbox 229 805 348 846; x_wconf 88' lang='lat' dir='ltr'><strong>Deus</strong></span> <span class='ocrx_word' id='word_1_81' title='bbox 380 805 600 846; x_wconf 81' lang='lat' dir='ltr'><strong>ostendere</strong></span> <span class='ocrx_word' id='word_1_82' title='bbox 631 803 1009 860; x_wconf 78' lang='lat' dir='ltr'><strong>pollicitationis3)</strong></span> <span class='ocrx_word' id='word_1_83' title='bbox 1048 803 1273 845; x_wconf 83' lang='lat' dir='ltr'><strong>heredibus</strong></span> <span class='ocrx_word' id='word_1_84' title='bbox 1311 803 1472 844; x_wconf 88' lang='lat' dir='ltr'><strong>immo-</strong></span> 
     </span>
     <span class='ocr_line' id='line_1_11' title="bbox 52 878 1471 937; baseline -0.004 -13"><span class='ocrx_word' id='word_1_85' title='bbox 52 882 258 924; x_wconf 81' lang='lat' dir='ltr'><strong>bilitatem</strong></span> <span class='ocrx_word' id='word_1_86' title='bbox 298 883 460 924; x_wconf 86' lang='lat' dir='ltr'><strong>consilii</strong></span> <span class='ocrx_word' id='word_1_87' title='bbox 501 880 586 932; x_wconf 82' lang='lat' dir='ltr'><strong>sui,</strong></span> <span class='ocrx_word' id='word_1_88' title='bbox 626 881 879 936; x_wconf 77' lang='lat' dir='ltr'><strong>interposuit</strong></span> <span class='ocrx_word' id='word_1_89' title='bbox 917 878 1254 937; x_wconf 66' lang='lat' dir='ltr'><strong>jmjurandumf‘</strong></span> <span class='ocrx_word' id='word_1_90' title='bbox 1308 878 1365 919; x_wconf 86' lang='lat' dir='ltr'><strong>Et</strong></span> <span class='ocrx_word' id='word_1_91' title='bbox 1391 878 1471 920; x_wconf 86' lang='lat' dir='ltr'><strong>ite-</strong></span> 
     </span>
     <span class='ocr_line' id='line_1_12' title="bbox 51 955 1470 1015; baseline -0.003 -14"><span class='ocrx_word' id='word_1_92' title='bbox 51 975 168 1001; x_wconf 86' lang='lat' dir='ltr'><strong>rum:</strong></span> <span class='ocrx_word' id='word_1_93' title='bbox 197 957 429 1010; x_wconf 86' lang='lat' dir='ltr'><strong>„homines,</strong></span> <span class='ocrx_word' id='word_1_94' title='bbox 446 956 491 1014; x_wconf 71' lang='lat'><strong>⁴)</strong></span> <span class='ocrx_word' id='word_1_95' title='bbox 509 958 658 1014; x_wconf 90' lang='lat' dir='ltr'><strong>inquit,</strong></span> <span class='ocrx_word' id='word_1_96' title='bbox 688 973 765 1012; x_wconf 90' lang='lat' dir='ltr'><strong>per</strong></span> <span class='ocrx_word' id='word_1_97' title='bbox 784 956 993 1015; x_wconf 81' lang='lat' dir='ltr'><strong>majorem</strong></span> <span class='ocrx_word' id='word_1_98' title='bbox 1012 956 1075 1000; x_wconf 81' lang='lat' dir='ltr'><strong>sui</strong></span> <span class='ocrx_word' id='word_1_99' title='bbox 1098 955 1259 1012; x_wconf 77' lang='lat' dir='ltr'><strong>jurant:</strong></span> <span class='ocrx_word' id='word_1_100' title='bbox 1289 955 1408 997; x_wconf 89' lang='lat' dir='ltr'><strong>Deus</strong></span> <span class='ocrx_word' id='word_1_101' title='bbox 1425 955 1470 1010; x_wconf 84' lang='lat'><strong>⁵)</strong></span> 
     </span>
     <span class='ocr_line' id='line_1_13' title="bbox 50 1031 1468 1091; baseline -0.002 -14"><span class='ocrx_word' id='word_1_102' title='bbox 50 1047 189 1077; x_wconf 82' lang='lat' dir='ltr'><strong>autem</strong></span> <span class='ocrx_word' id='word_1_103' title='bbox 220 1036 423 1091; x_wconf 78' lang='lat' dir='ltr'><strong>quoniam</strong></span> <span class='ocrx_word' id='word_1_104' title='bbox 453 1035 668 1076; x_wconf 86' lang='lat' dir='ltr'><strong>neminem</strong></span> <span class='ocrx_word' id='word_1_105' title='bbox 701 1035 867 1086; x_wconf 80' lang='lat' dir='ltr'><strong>habuit,</strong></span> <span class='ocrx_word' id='word_1_106' title='bbox 903 1051 982 1090; x_wconf 85' lang='lat' dir='ltr'><strong>per</strong></span> <span class='ocrx_word' id='word_1_107' title='bbox 1024 1050 1150 1089; x_wconf 87' lang='lat' dir='ltr'><strong>quem</strong></span> <span class='ocrx_word' id='word_1_108' title='bbox 1190 1031 1349 1089; x_wconf 84' lang='lat' dir='ltr'><strong>juraret</strong></span> <span class='ocrx_word' id='word_1_109' title='bbox 1376 1049 1468 1074; x_wconf 83' lang='lat' dir='ltr'><strong>ma-</strong></span> 
     </span>
     <span class='ocr_line' id='line_1_14' title="bbox 48 1109 1469 1168; baseline -0.001 -16"><span class='ocrx_word' id='word_1_110' title='bbox 48 1110 208 1168; x_wconf 71' lang='lat' dir='ltr'><strong>jorem,</strong></span> <span class='ocrx_word' id='word_1_111' title='bbox 248 1127 325 1168; x_wconf 88' lang='lat' dir='ltr'><strong>per</strong></span> <span class='ocrx_word' id='word_1_112' title='bbox 363 1122 519 1152; x_wconf 86' lang='lat' dir='ltr'><strong>memet</strong></span> <span class='ocrx_word' id='word_1_113' title='bbox 554 1111 694 1166; x_wconf 89' lang='lat' dir='ltr'><strong>ipsum</strong></span> <span class='ocrx_word' id='word_1_114' title='bbox 733 1110 855 1166; x_wconf 82' lang='lat' dir='ltr'><strong>juro,</strong></span> <span class='ocrx_word' id='word_1_115' title='bbox 903 1110 1005 1152; x_wconf 87' lang='lat' dir='ltr'><strong>dicit</strong></span> <span class='ocrx_word' id='word_1_116' title='bbox 1048 1109 1302 1151; x_wconf 88' lang='lat' dir='ltr'><strong>Dominus.“</strong></span> <span class='ocrx_word' id='word_1_117' title='bbox 1367 1110 1469 1150; x_wconf 89' lang='lat' dir='ltr'><strong>Non</strong></span> 
     </span>
     <span class='ocr_line' id='line_1_15' title="bbox 49 1185 1470 1245; baseline -0.002 -16"><span class='ocrx_word' id='word_1_118' title='bbox 49 1189 167 1244; x_wconf 88' lang='lat' dir='ltr'><strong>quod</strong></span> <span class='ocrx_word' id='word_1_119' title='bbox 197 1188 342 1229; x_wconf 88' lang='lat' dir='ltr'><strong>Deum</strong></span> <span class='ocrx_word' id='word_1_120' title='bbox 372 1186 643 1245; x_wconf 85' lang='lat' dir='ltr'><strong>jurisjurandi</strong></span> <span class='ocrx_word' id='word_1_121' title='bbox 672 1188 892 1229; x_wconf 84' lang='lat' dir='ltr'><strong>necessitas</strong></span> <span class='ocrx_word' id='word_1_122' title='bbox 919 1198 1095 1240; x_wconf 79' lang='lat' dir='ltr'><strong>urgeret.</strong></span> <span class='ocrx_word' id='word_1_123' title='bbox 1145 1185 1251 1241; x_wconf 84' lang='lat' dir='ltr'><strong>Quis</strong></span> <span class='ocrx_word' id='word_1_124' title='bbox 1272 1187 1384 1228; x_wconf 88' lang='lat' dir='ltr'><strong>enim</strong></span> <span class='ocrx_word' id='word_1_125' title='bbox 1416 1187 1470 1227; x_wconf 80' lang='lat' dir='ltr'><strong>ab</strong></span> 
     </span>
     <span class='ocr_line' id='line_1_16' title="bbox 49 1263 1472 1319; baseline -0.001 -14"><span class='ocrx_word' id='word_1_126' title='bbox 49 1280 100 1305; x_wconf 91' lang='lat' dir='ltr'><strong>eo</strong></span> <span class='ocrx_word' id='word_1_127' title='bbox 147 1264 326 1316; x_wconf 82' lang='lat' dir='ltr'><strong>exigeret</strong></span> <span class='ocrx_word' id='word_1_128' title='bbox 375 1263 715 1305; x_wconf 82' lang='lat' dir='ltr'><strong>sacramentum?</strong></span> <span class='ocrx_word' id='word_1_129' title='bbox 773 1266 858 1307; x_wconf 89' lang='lat' dir='ltr'><strong>Sed</strong></span> <span class='ocrx_word' id='word_1_130' title='bbox 910 1264 1018 1305; x_wconf 87' lang='lat' dir='ltr'><strong>sicut</strong></span> <span class='ocrx_word' id='word_1_131' title='bbox 1061 1265 1358 1319; x_wconf 87' lang='lat' dir='ltr'><strong>interpretatus</strong></span> <span class='ocrx_word' id='word_1_132' title='bbox 1410 1274 1472 1304; x_wconf 85' lang='lat' dir='ltr'><strong>est</strong></span> 
     </span>
     <span class='ocr_line' id='line_1_17' title="bbox 47 1339 1472 1396; baseline -0.001 -14"><span class='ocrx_word' id='word_1_133' title='bbox 47 1341 279 1396; x_wconf 84' lang='lat' dir='ltr'><strong>Apostolus</strong></span> <span class='ocrx_word' id='word_1_134' title='bbox 307 1340 477 1390; x_wconf 81' lang='lat' dir='ltr'><strong>Paulus,</strong></span> <span class='ocrx_word' id='word_1_135' title='bbox 509 1357 594 1396; x_wconf 87' lang='lat' dir='ltr'><strong>quo</strong></span> <span class='ocrx_word' id='word_1_136' title='bbox 626 1356 705 1396; x_wconf 88' lang='lat' dir='ltr'><strong>per</strong></span> <span class='ocrx_word' id='word_1_137' title='bbox 733 1341 815 1382; x_wconf 89' lang='lat' dir='ltr'><strong>hoe</strong></span> <span class='ocrx_word' id='word_1_138' title='bbox 841 1339 1182 1382; x_wconf 84' lang='lat' dir='ltr'><strong>immobilitatem</strong></span> <span class='ocrx_word' id='word_1_139' title='bbox 1213 1339 1376 1382; x_wconf 84' lang='lat' dir='ltr'><strong>consilii</strong></span> <span class='ocrx_word' id='word_1_140' title='bbox 1407 1339 1472 1381; x_wconf 83' lang='lat' dir='ltr'><strong>sui</strong></span> 
     </span>
     <span class='ocr_line' id='line_1_18' title="bbox 50 1417 1472 1474; baseline -0.001 -16"><span class='ocrx_word' id='word_1_141' title='bbox 50 1417 285 1458; x_wconf 83' lang='lat' dir='ltr'><strong>cultoribus</strong></span> <span class='ocrx_word' id='word_1_142' title='bbox 317 1417 564 1469; x_wconf 81' lang='lat' dir='ltr'><strong>designaret.</strong></span> <span class='ocrx_word' id='word_1_143' title='bbox 632 1417 701 1459; x_wconf 85' lang='lat' dir='ltr'><strong>Sic</strong></span> <span class='ocrx_word' id='word_1_144' title='bbox 747 1429 786 1458; x_wconf 89' lang='lat' dir='ltr'><strong>et</strong></span> <span class='ocrx_word' id='word_1_145' title='bbox 827 1418 928 1458; x_wconf 79' lang='lat' dir='ltr'><strong>alibi</strong></span> <span class='ocrx_word' id='word_1_146' title='bbox 969 1433 1048 1473; x_wconf 88' lang='lat' dir='ltr'><strong>per</strong></span> <span class='ocrx_word' id='word_1_147' title='bbox 1076 1418 1334 1474; x_wconf 83' lang='lat' dir='ltr'><strong>prophetam</strong></span> <span class='ocrx_word' id='word_1_148' title='bbox 1365 1417 1472 1459; x_wconf 85' lang='lat' dir='ltr'><strong>dici-</strong></span> 
     </span>
     <span class='ocr_line' id='line_1_19' title="bbox 47 1491 1470 1549; baseline -0.001 -14"><span class='ocrx_word' id='word_1_149' title='bbox 47 1505 143 1535; x_wconf 87' lang='lat' dir='ltr'><strong>tur:</strong></span> <span class='ocrx_word' id='word_1_150' title='bbox 173 1491 411 1549; x_wconf 79' lang='lat' dir='ltr'><strong>„juravit⁶)</strong></span> <span class='ocrx_word' id='word_1_151' title='bbox 441 1493 678 1542; x_wconf 85' lang='lat' dir='ltr'><strong>Dominus,</strong></span> <span class='ocrx_word' id='word_1_152' title='bbox 725 1510 804 1534; x_wconf 83' lang='lat' dir='ltr'><strong>nec</strong></span> <span class='ocrx_word' id='word_1_153' title='bbox 835 1494 1073 1549; x_wconf 88' lang='lat' dir='ltr'><strong>poenitebit</strong></span> <span class='ocrx_word' id='word_1_154' title='bbox 1104 1511 1226 1536; x_wconf 87' lang='lat' dir='ltr'><strong>eum:</strong></span> <span class='ocrx_word' id='word_1_155' title='bbox 1255 1505 1302 1534; x_wconf 83' lang='lat' dir='ltr'><strong>tu</strong></span> <span class='ocrx_word' id='word_1_156' title='bbox 1332 1510 1375 1534; x_wconf 88' lang='lat' dir='ltr'><strong>es</strong></span> <span class='ocrx_word' id='word_1_157' title='bbox 1404 1509 1470 1536; x_wconf 80' lang='lat' dir='ltr'><strong>sa-</strong></span> 
     </span>
     <span class='ocr_line' id='line_1_20' title="bbox 47 1569 1470 1619; baseline 0 -8"><span class='ocrx_word' id='word_1_158' title='bbox 47 1569 197 1611; x_wconf 85' lang='lat' dir='ltr'><strong>cerdos</strong></span> <span class='ocrx_word' id='word_1_159' title='bbox 225 1570 270 1612; x_wconf 88' lang='lat' dir='ltr'><strong>in</strong></span> <span class='ocrx_word' id='word_1_160' title='bbox 313 1581 555 1619; x_wconf 82' lang='lat' dir='ltr'><strong>aeternum,</strong></span> <span class='ocrx_word' id='word_1_161' title='bbox 593 1570 830 1611; x_wconf 87' lang='lat' dir='ltr'><strong>secundum</strong></span> <span class='ocrx_word' id='word_1_162' title='bbox 873 1570 1068 1611; x_wconf 87' lang='lat' dir='ltr'><strong>ordinem</strong></span> <span class='ocrx_word' id='word_1_163' title='bbox 1109 1569 1470 1613; x_wconf 83' lang='lat' dir='ltr'><strong>Melchisedech.“</strong></span> 
     </span>
     <span class='ocr_line' id='line_1_21' title="bbox 47 1645 1470 1703; baseline 0 -16"><span class='ocrx_word' id='word_1_164' title='bbox 47 1645 171 1687; x_wconf 86' lang='lat' dir='ltr'><strong>Tune</strong></span> <span class='ocrx_word' id='word_1_165' title='bbox 201 1645 357 1687; x_wconf 89' lang='lat' dir='ltr'><strong>deinde</strong></span> <span class='ocrx_word' id='word_1_166' title='bbox 384 1645 428 1686; x_wconf 88' lang='lat' dir='ltr'><strong>in</strong></span> <span class='ocrx_word' id='word_1_167' title='bbox 458 1646 597 1703; x_wconf 84' lang='lat' dir='ltr'><strong>prima</strong></span> <span class='ocrx_word' id='word_1_168' title='bbox 628 1645 956 1700; x_wconf 85' lang='lat' dir='ltr'><strong>repromissione</strong></span> <span class='ocrx_word' id='word_1_169' title='bbox 994 1663 1086 1687; x_wconf 87' lang='lat' dir='ltr'><strong>non</strong></span> <span class='ocrx_word' id='word_1_170' title='bbox 1130 1646 1258 1687; x_wconf 81' lang='lat' dir='ltr'><strong>habet</strong></span> <span class='ocrx_word' id='word_1_171' title='bbox 1285 1645 1470 1701; x_wconf 78' lang='lat' dir='ltr'><strong>positam</strong></span> 
     </span>
     <span class='ocr_line' id='line_1_22' title="bbox 48 1722 1473 1779; baseline -0.001 -15"><span class='ocrx_word' id='word_1_172' title='bbox 48 1738 228 1772; x_wconf 85' lang='lat' dir='ltr'><strong>causam,</strong></span> <span class='ocrx_word' id='word_1_173' title='bbox 261 1738 336 1763; x_wconf 84' lang='lat' dir='ltr'><strong>cur</strong></span> <span class='ocrx_word' id='word_1_174' title='bbox 354 1723 450 1764; x_wconf 81' lang='lat' dir='ltr'><strong>data</strong></span> <span class='ocrx_word' id='word_1_175' title='bbox 469 1723 519 1764; x_wconf 85' lang='lat' dir='ltr'><strong>sit</strong></span> <span class='ocrx_word' id='word_1_176' title='bbox 536 1722 822 1779; x_wconf 86' lang='lat' dir='ltr'><strong>repromissiO,</strong></span> <span class='ocrx_word' id='word_1_177' title='bbox 852 1722 994 1779; x_wconf 81' lang='lat' dir='ltr'><strong>nisi7)</strong></span> <span class='ocrx_word' id='word_1_178' title='bbox 1020 1735 1185 1765; x_wconf 84' lang='lat' dir='ltr'><strong>tantum</strong></span> <span class='ocrx_word' id='word_1_179' title='bbox 1216 1725 1335 1778; x_wconf 87' lang='lat' dir='ltr'><strong>quod</strong></span> <span class='ocrx_word' id='word_1_180' title='bbox 1367 1723 1473 1764; x_wconf 86' lang='lat' dir='ltr'><strong>edu-</strong></span> 
     </span>
     <span class='ocr_line' id='line_1_23' title="bbox 45 1798 1470 1856; baseline -0.001 -16"><span class='ocrx_word' id='word_1_181' title='bbox 45 1798 103 1840; x_wconf 83' lang='lat' dir='ltr'><strong>xit</strong></span> <span class='ocrx_word' id='word_1_182' title='bbox 126 1815 223 1841; x_wconf 89' lang='lat' dir='ltr'><strong>eum</strong></span> <span class='ocrx_word' id='word_1_183' title='bbox 242 1801 369 1850; x_wconf 86' lang='lat' dir='ltr'><strong>foras,</strong></span> <span class='ocrx_word' id='word_1_184' title='bbox 397 1811 437 1841; x_wconf 89' lang='lat' dir='ltr'><strong>et</strong></span> <span class='ocrx_word' id='word_1_185' title='bbox 467 1800 690 1850; x_wconf 78' lang='lat' dir='ltr'><strong>‚‚ostendit,</strong></span> <span class='ocrx_word' id='word_1_186' title='bbox 719 1800 870 1856; x_wconf 88' lang='lat' dir='ltr'><strong>inquit,</strong></span> <span class='ocrx_word' id='word_1_187' title='bbox 901 1799 939 1841; x_wconf 88' lang='lat' dir='ltr'><strong>ei</strong></span> <span class='ocrx_word' id='word_1_188' title='bbox 958 1802 1093 1843; x_wconf 82' lang='lat' dir='ltr'><strong>stellas</strong></span> <span class='ocrx_word' id='word_1_189' title='bbox 1124 1799 1246 1850; x_wconf 86' lang='lat' dir='ltr'><strong>coeli,</strong></span> <span class='ocrx_word' id='word_1_190' title='bbox 1277 1811 1316 1840; x_wconf 84' lang='lat' dir='ltr'><strong>et</strong></span> <span class='ocrx_word' id='word_1_191' title='bbox 1347 1798 1470 1840; x_wconf 84' lang='lat' dir='ltr'><strong>dixit:</strong></span> 
     </span>
     <span class='ocr_line' id='line_1_24' title="bbox 47 1874 1471 1930; baseline -0.002 -12"><span class='ocrx_word' id='word_1_192' title='bbox 47 1874 104 1919; x_wconf 86' lang='lat' dir='ltr'><strong>sic</strong></span> <span class='ocrx_word' id='word_1_193' title='bbox 135 1876 211 1918; x_wconf 86' lang='lat' dir='ltr'><strong>erit</strong></span> <span class='ocrx_word' id='word_1_194' title='bbox 238 1893 383 1918; x_wconf 89' lang='lat' dir='ltr'><strong>semen</strong></span> <span class='ocrx_word' id='word_1_195' title='bbox 413 1882 574 1919; x_wconf 83' lang='lat' dir='ltr'><strong>tuum.“</strong></span> <span class='ocrx_word' id='word_1_196' title='bbox 642 1879 768 1919; x_wconf 84' lang='lat' dir='ltr'><strong>Nunc</strong></span> <span class='ocrx_word' id='word_1_197' title='bbox 799 1894 899 1919; x_wconf 89' lang='lat' dir='ltr'><strong>vero</strong></span> <span class='ocrx_word' id='word_1_198' title='bbox 932 1877 1048 1918; x_wconf 87' lang='lat' dir='ltr'><strong>addit</strong></span> <span class='ocrx_word' id='word_1_199' title='bbox 1078 1893 1262 1925; x_wconf 81' lang='lat' dir='ltr'><strong>causam,</strong></span> <span class='ocrx_word' id='word_1_200' title='bbox 1292 1887 1471 1930; x_wconf 89' lang='lat' dir='ltr'><strong>propter</strong></span> 
     </span>
    </p>

    <p class='ocr_par' dir='ltr' id='par_1_4' title="bbox 0 1950 1468 2020">
     <span class='ocr_line' id='line_1_25' title="bbox 0 1950 1468 2020; baseline -0.002 -26"><span class='ocrx_word' id='word_1_201' title='bbox 0 1950 2 2020; x_wconf 46' lang='grc' dir='ltr'>ἱ</span> <span class='ocrx_word' id='word_1_202' title='bbox 49 1969 175 2008; x_wconf 80' lang='lat' dir='ltr'><strong>quam</strong></span> <span class='ocrx_word' id='word_1_203' title='bbox 213 1952 450 2010; x_wconf 84' lang='lat' dir='ltr'><strong>juramento</strong></span> <span class='ocrx_word' id='word_1_204' title='bbox 499 1956 723 1996; x_wconf 80' lang='lat' dir='ltr'><strong>confirmat</strong></span> <span class='ocrx_word' id='word_1_205' title='bbox 779 1953 1107 2008; x_wconf 85' lang='lat' dir='ltr'><strong>promissionem</strong></span> <span class='ocrx_word' id='word_1_206' title='bbox 1146 1954 1314 1993; x_wconf 81' lang='lat' dir='ltr'><strong>firmam</strong></span> <span class='ocrx_word' id='word_1_207' title='bbox 1353 1951 1468 1992; x_wconf 83' lang='lat' dir='ltr'><strong>sutu-</strong></span> 
     </span>
    </p>

    <p class='ocr_par' dir='ltr' id='par_1_5' title="bbox 0 2028 1470 2084">
     <span class='ocr_line' id='line_1_26' title="bbox 0 2028 1470 2084; baseline -0.003 -13"><span class='ocrx_word' id='word_1_208' title='bbox 0 2043 2 2055; x_wconf 66' lang='lat'><em>&#39;</em></span> <span class='ocrx_word' id='word_1_209' title='bbox 48 2045 152 2071; x_wconf 79' lang='lat' dir='ltr'><strong>ram.</strong></span> <span class='ocrx_word' id='word_1_210' title='bbox 208 2028 326 2070; x_wconf 91' lang='lat' dir='ltr'><strong>Dicit</strong></span> <span class='ocrx_word' id='word_1_211' title='bbox 357 2030 492 2070; x_wconf 89' lang='lat' dir='ltr'><strong>enim:</strong></span> <span class='ocrx_word' id='word_1_212' title='bbox 525 2030 712 2084; x_wconf 74' lang='lat' dir='ltr'><strong>‚‚quia&#39;³)</strong></span> <span class='ocrx_word' id='word_1_213' title='bbox 752 2030 886 2069; x_wconf 70' lang='lat' dir='ltr'><strong>fecisti</strong></span> <span class='ocrx_word' id='word_1_214' title='bbox 928 2030 1104 2070; x_wconf 77' lang='lat' dir='ltr'><strong>verbum</strong></span> <span class='ocrx_word' id='word_1_215' title='bbox 1146 2029 1256 2076; x_wconf 83' lang='lat' dir='ltr'><strong>hoc,</strong></span> <span class='ocrx_word' id='word_1_216' title='bbox 1305 2039 1345 2067; x_wconf 90' lang='lat' dir='ltr'><strong>et</strong></span> <span class='ocrx_word' id='word_1_217' title='bbox 1380 2042 1470 2067; x_wconf 88' lang='lat' dir='ltr'><strong>non</strong></span> 
     </span>
    </p>

    <p class='ocr_par' dir='ltr' id='par_1_6' title="bbox 0 2132 4 2190">
     <span class='ocr_line' id='line_1_27' title="bbox 0 2132 4 2190; baseline 0 0"><span class='ocrx_word' id='word_1_218' title='bbox 0 2132 4 2190; x_wconf 78' lang='lat'><strong>¹]</strong></span> 
     </span>
    </p>

    <p class='ocr_par' dir='ltr' id='par_1_7' title="bbox 0 2223 1139 2295">
     <span class='ocr_line' id='line_1_28' title="bbox 0 2223 1139 2295; baseline 0 -16"><span class='ocrx_word' id='word_1_219' title='bbox 0 2223 6 2287; x_wconf 58' lang='lat'><strong>{²</strong></span> <span class='ocrx_word' id='word_1_220' title='bbox 164 2237 208 2291; x_wconf 84' lang='lat'><strong>¹)</strong></span> <span class='ocrx_word' id='word_1_221' title='bbox 238 2238 256 2278; x_wconf 93' lang='lat'>1</span> <span class='ocrx_word' id='word_1_222' title='bbox 291 2237 389 2279; x_wconf 71' lang='lat' dir='ltr'><strong>eor.</strong></span> <span class='ocrx_word' id='word_1_223' title='bbox 422 2238 518 2288; x_wconf 85' lang='lat' dir='ltr'><strong>XV,</strong></span> <span class='ocrx_word' id='word_1_224' title='bbox 549 2239 615 2281; x_wconf 79' lang='grc'><strong>47.</strong></span> <span class='ocrx_word' id='word_1_225' title='bbox 733 2240 777 2295; x_wconf 83' lang='grc'><strong>2)</strong></span> <span class='ocrx_word' id='word_1_226' title='bbox 809 2241 939 2282; x_wconf 56' lang='lat' dir='ltr'><strong>nobs.</strong></span> <span class='ocrx_word' id='word_1_227' title='bbox 974 2241 1043 2290; x_wconf 72' lang='lat' dir='ltr'><strong>vi,</strong></span> <span class='ocrx_word' id='word_1_228' title='bbox 1072 2241 1139 2282; x_wconf 85' lang='lat'><strong>17.</strong></span> 
     </span>
    </p>

    <p class='ocr_par' dir='ltr' id='par_1_8' title="bbox 0 2292 1471 2364">
     <span class='ocr_line' id='line_1_29' title="bbox 0 2292 1471 2364; baseline -0.001 -14"><span class='ocrx_word' id='word_1_229' title='bbox 0 2292 6 2362; x_wconf 61' lang='grc' dir='ltr'><strong>ξ)</strong></span> <span class='ocrx_word' id='word_1_230' title='bbox 162 2307 208 2363; x_wconf 79' lang='lat'><strong>³)</strong></span> <span class='ocrx_word' id='word_1_231' title='bbox 240 2308 353 2349; x_wconf 65' lang='lat' dir='ltr'><strong>Alias</strong></span> <span class='ocrx_word' id='word_1_232' title='bbox 393 2308 451 2363; x_wconf 73' lang='lat' dir='ltr'><strong>(v.</strong></span> <span class='ocrx_word' id='word_1_233' title='bbox 484 2324 516 2348; x_wconf 75' lang='lat' dir='ltr'><strong>c.</strong></span> <span class='ocrx_word' id='word_1_234' title='bbox 547 2308 590 2348; x_wconf 68' lang='lat' dir='ltr'><strong>in</strong></span> <span class='ocrx_word' id='word_1_235' title='bbox 623 2310 718 2349; x_wconf 69' lang='lat' dir='ltr'><strong>edd.</strong></span> <span class='ocrx_word' id='word_1_236' title='bbox 749 2309 853 2363; x_wconf 79' lang='grc' dir='ltr'><strong>Μ.);</strong></span> <span class='ocrx_word' id='word_1_237' title='bbox 906 2308 1262 2364; x_wconf 62' lang='lat' dir='ltr'><strong>„pollicitationes</strong></span> <span class='ocrx_word' id='word_1_238' title='bbox 1301 2308 1471 2349; x_wconf 73' lang='lat' dir='ltr'><strong>heredi-</strong></span> 
     </span>
    </p>
   </div>
   <div class='ocr_carea' id='block_1_3' title="bbox 1 2361 1468 2478">
    <p class='ocr_par' dir='ltr' id='par_1_9' title="bbox 1 2361 1468 2478">
     <span class='ocr_line' id='line_1_30' title="bbox 1 2361 1468 2422; baseline 0.001 -17"><span class='ocrx_word' id='word_1_239' title='bbox 1 2375 9 2405; x_wconf 74' lang='lat'><strong>‘.³</strong></span> <span class='ocrx_word' id='word_1_240' title='bbox 50 2361 126 2405; x_wconf 81' lang='lat' dir='ltr'><strong>bus</strong></span> <span class='ocrx_word' id='word_1_241' title='bbox 154 2380 232 2419; x_wconf 82' lang='lat' dir='ltr'><strong>per</strong></span> <span class='ocrx_word' id='word_1_242' title='bbox 261 2363 629 2405; x_wconf 77' lang='lat' dir='ltr'><strong>immobilitatem“</strong></span> <span class='ocrx_word' id='word_1_243' title='bbox 660 2377 760 2416; x_wconf 88' lang='lat' dir='ltr'><strong>ete.,</strong></span> <span class='ocrx_word' id='word_1_244' title='bbox 807 2377 847 2407; x_wconf 87' lang='lat' dir='ltr'><strong>et</strong></span> <span class='ocrx_word' id='word_1_245' title='bbox 876 2367 1006 2422; x_wconf 81' lang='lat' dir='ltr'><strong>paulo</strong></span> <span class='ocrx_word' id='word_1_246' title='bbox 1037 2365 1167 2406; x_wconf 79' lang='lat' dir='ltr'><strong>infra:</strong></span> <span class='ocrx_word' id='word_1_247' title='bbox 1198 2381 1302 2420; x_wconf 90' lang='lat' dir='ltr'><strong>„per</strong></span> <span class='ocrx_word' id='word_1_248' title='bbox 1330 2363 1468 2419; x_wconf 82' lang='lat' dir='ltr'><strong>majo-</strong></span> 
     </span>
     <span class='ocr_line' id='line_1_31' title="bbox 8 2420 1348 2478; baseline 0.001 -19"><span class='ocrx_word' id='word_1_249' title='bbox 8 2456 9 2459; x_wconf 65' lang='lat'>,</span> <span class='ocrx_word' id='word_1_250' title='bbox 51 2435 138 2460; x_wconf 83' lang='lat' dir='ltr'><strong>rem</strong></span> <span class='ocrx_word' id='word_1_251' title='bbox 168 2437 290 2462; x_wconf 84' lang='lat' dir='ltr'><strong>suum</strong></span> <span class='ocrx_word' id='word_1_252' title='bbox 323 2420 505 2478; x_wconf 85' lang='lat' dir='ltr'><strong>jurant.“</strong></span> <span class='ocrx_word' id='word_1_253' title='bbox 564 2421 649 2462; x_wconf 89' lang='lat' dir='ltr'><strong>Sed</strong></span> <span class='ocrx_word' id='word_1_254' title='bbox 680 2422 781 2464; x_wconf 84' lang='lat' dir='ltr'><strong>Mss.</strong></span> <span class='ocrx_word' id='word_1_255' title='bbox 813 2433 860 2463; x_wconf 92' lang='lat' dir='ltr'><strong>ut</strong></span> <span class='ocrx_word' id='word_1_256' title='bbox 889 2424 931 2464; x_wconf 89' lang='lat' dir='ltr'><strong>in</strong></span> <span class='ocrx_word' id='word_1_257' title='bbox 963 2433 1112 2462; x_wconf 89' lang='lat' dir='ltr'><strong>nostro</strong></span> <span class='ocrx_word' id='word_1_258' title='bbox 1144 2432 1269 2462; x_wconf 82' lang='lat' dir='ltr'><strong>textu.</strong></span> <span class='ocrx_word' id='word_1_259' title='bbox 1300 2420 1348 2460; x_wconf 86' lang='lat' dir='ltr'><strong>R.</strong></span> 
     </span>
    </p>
   </div>
   <div class='ocr_carea' id='block_1_4' title="bbox 0 2417 1235 2624">
    <p class='ocr_par' dir='ltr' id='par_1_10' title="bbox 0 2417 1235 2624">
     <span class='ocr_line' id='line_1_32' title="bbox 2 2417 9 2454; baseline 0 -24"><span class='ocrx_word' id='word_1_260' title='bbox 2 2417 9 2454; x_wconf 47' lang='grc' dir='ltr'><strong>,ι</strong></span> 
     </span>
     <span class='ocr_line' id='line_1_33' title="bbox 3 2459 1142 2559; baseline 0.006 -32"><span class='ocrx_word' id='word_1_261' title='bbox 3 2459 9 2559; x_wconf 56' lang='grc' dir='ltr'><em>ξ</em></span> <span class='ocrx_word' id='word_1_262' title='bbox 164 2488 211 2544; x_wconf 75' lang='lat'><strong>⁴)</strong></span> <span class='ocrx_word' id='word_1_263' title='bbox 243 2488 375 2530; x_wconf 83' lang='lat' dir='ltr'><strong>Hebr.</strong></span> <span class='ocrx_word' id='word_1_264' title='bbox 406 2489 478 2540; x_wconf 81' lang='lat' dir='ltr'><strong>VI,</strong></span> <span class='ocrx_word' id='word_1_265' title='bbox 510 2491 577 2533; x_wconf 87' lang='grc'><strong>16.</strong></span> <span class='ocrx_word' id='word_1_266' title='bbox 609 2492 705 2532; x_wconf 86' lang='lat' dir='ltr'><strong>coll.</strong></span> <span class='ocrx_word' id='word_1_267' title='bbox 736 2507 830 2547; x_wconf 82' lang='lat' dir='ltr'><strong>pag.</strong></span> <span class='ocrx_word' id='word_1_268' title='bbox 861 2491 946 2548; x_wconf 80' lang='lat' dir='ltr'><strong>huj.</strong></span> <span class='ocrx_word' id='word_1_269' title='bbox 982 2503 1070 2532; x_wconf 90' lang='lat' dir='ltr'><strong>not.</strong></span> <span class='ocrx_word' id='word_1_270' title='bbox 1102 2492 1142 2534; x_wconf 87' lang='lat'><strong>3.</strong></span> 
     </span>
     <span class='ocr_line' id='line_1_34' title="bbox 0 2557 1235 2624; baseline 0.006 -31"><span class='ocrx_word' id='word_1_271' title='bbox 0 2570 7 2624; x_wconf 45' lang='lat'>1</span> <span class='ocrx_word' id='word_1_272' title='bbox 167 2559 211 2614; x_wconf 87' lang='lat'><strong>⁵)</strong></span> <span class='ocrx_word' id='word_1_273' title='bbox 243 2557 330 2600; x_wconf 78' lang='lat' dir='ltr'><strong>Cfr.</strong></span> <span class='ocrx_word' id='word_1_274' title='bbox 360 2558 492 2601; x_wconf 85' lang='lat' dir='ltr'><strong>Hebr.</strong></span> <span class='ocrx_word' id='word_1_275' title='bbox 524 2560 600 2610; x_wconf 86' lang='lat' dir='ltr'><strong>VI,</strong></span> <span class='ocrx_word' id='word_1_276' title='bbox 629 2562 695 2605; x_wconf 83' lang='grc'><strong>13.</strong></span> <span class='ocrx_word' id='word_1_277' title='bbox 813 2561 858 2617; x_wconf 74' lang='lat'><strong>⁶)</strong></span> <span class='ocrx_word' id='word_1_278' title='bbox 889 2561 1043 2602; x_wconf 79' lang='lat' dir='ltr'><strong>Psalm.</strong></span> <span class='ocrx_word' id='word_1_279' title='bbox 1076 2559 1170 2610; x_wconf 82' lang='lat' dir='ltr'><strong>CX,</strong></span> <span class='ocrx_word' id='word_1_280' title='bbox 1196 2563 1235 2603; x_wconf 88' lang='grc'><strong>4.</strong></span> 
     </span>
    </p>
   </div>
   <div class='ocr_carea' id='block_1_5' title="bbox 6 2625 1468 2863">
    <p class='ocr_par' dir='ltr' id='par_1_11' title="bbox 6 2625 1468 2863">
     <span class='ocr_line' id='line_1_35' title="bbox 6 2625 1468 2687; baseline 0.002 -21"><span class='ocrx_word' id='word_1_281' title='bbox 6 2625 13 2682; x_wconf 47' lang='grc' dir='ltr'><strong>’ᾗ</strong></span> <span class='ocrx_word' id='word_1_282' title='bbox 164 2626 210 2682; x_wconf 81' lang='grc'><strong>7)</strong></span> <span class='ocrx_word' id='word_1_283' title='bbox 240 2627 363 2670; x_wconf 85' lang='lat' dir='ltr'><strong>Mss.:</strong></span> <span class='ocrx_word' id='word_1_284' title='bbox 404 2630 508 2678; x_wconf 87' lang='lat' dir='ltr'><strong>„nisi</strong></span> <span class='ocrx_word' id='word_1_285' title='bbox 538 2642 701 2672; x_wconf 83' lang='lat' dir='ltr'><strong>tantum</strong></span> <span class='ocrx_word' id='word_1_286' title='bbox 742 2632 860 2687; x_wconf 90' lang='lat' dir='ltr'><strong>quod</strong></span> <span class='ocrx_word' id='word_1_287' title='bbox 901 2631 1042 2672; x_wconf 87' lang='lat' dir='ltr'><strong>eduxit</strong></span> <span class='ocrx_word' id='word_1_288' title='bbox 1082 2646 1179 2672; x_wconf 88' lang='lat' dir='ltr'><strong>eum</strong></span> <span class='ocrx_word' id='word_1_289' title='bbox 1210 2632 1361 2673; x_wconf 79' lang='lat' dir='ltr'><strong>foras.⁴‘</strong></span> <span class='ocrx_word' id='word_1_290' title='bbox 1419 2629 1468 2670; x_wconf 86' lang='lat' dir='ltr'><strong>Iu</strong></span> 
     </span>
     <span class='ocr_line' id='line_1_36' title="bbox 7 2680 1465 2781; baseline 0.002 -58"><span class='ocrx_word' id='word_1_291' title='bbox 7 2680 14 2751; x_wconf 47' lang='grc' dir='ltr'>ξ</span> <span class='ocrx_word' id='word_1_292' title='bbox 53 2682 168 2781; x_wconf 44' lang='grc' dir='ltr'><strong>Ξὲῧὶε</strong></span> <span class='ocrx_word' id='word_1_293' title='bbox 181 2685 257 2781; x_wconf 72' lang='lat' dir='ltr'>5(v.</span> <span class='ocrx_word' id='word_1_294' title='bbox 290 2701 323 2725; x_wconf 90' lang='lat' dir='ltr'><strong>c.</strong></span> <span class='ocrx_word' id='word_1_295' title='bbox 354 2686 447 2728; x_wconf 77' lang='lat' dir='ltr'><strong>edd.</strong></span> <span class='ocrx_word' id='word_1_296' title='bbox 478 2685 562 2741; x_wconf 86' lang='lat' dir='ltr'><strong>M.)</strong></span> <span class='ocrx_word' id='word_1_297' title='bbox 595 2688 709 2729; x_wconf 90' lang='lat' dir='ltr'><strong>deest</strong></span> <span class='ocrx_word' id='word_1_298' title='bbox 739 2705 817 2729; x_wconf 84' lang='lat' dir='ltr'><strong>vox</strong></span> <span class='ocrx_word' id='word_1_299' title='bbox 847 2687 993 2741; x_wconf 80' lang='lat' dir='ltr'><strong>‚,nisi.“</strong></span> <span class='ocrx_word' id='word_1_300' title='bbox 1013 2687 1062 2728; x_wconf 85' lang='lat' dir='ltr'><strong>R.</strong></span> <span class='ocrx_word' id='word_1_301' title='bbox 1093 2711 1143 2719; x_wconf 94' lang='lat'><strong>—-</strong></span> <span class='ocrx_word' id='word_1_302' title='bbox 1177 2685 1270 2728; x_wconf 81' lang='lat' dir='ltr'><strong>Cfr.</strong></span> <span class='ocrx_word' id='word_1_303' title='bbox 1315 2685 1465 2728; x_wconf 87' lang='lat' dir='ltr'><strong>Genes.</strong></span> 
     </span>
     <span class='ocr_line' id='line_1_37' title="bbox 9 2771 666 2863; baseline 0.003 -15"><span class='ocrx_word' id='word_1_304' title='bbox 9 2789 16 2838; x_wconf 45' lang='lat' dir='ltr'><strong>i</strong></span> <span class='ocrx_word' id='word_1_305' title='bbox 139 2771 148 2789; x_wconf 58' lang='lat'>’</span> <span class='ocrx_word' id='word_1_306' title='bbox 168 2809 215 2863; x_wconf 77' lang='lat'><strong>⁸)</strong></span> <span class='ocrx_word' id='word_1_307' title='bbox 247 2808 396 2851; x_wconf 87' lang='lat' dir='ltr'><strong>Genes.</strong></span> <span class='ocrx_word' id='word_1_308' title='bbox 429 2809 570 2860; x_wconf 84' lang='lat' dir='ltr'><strong>XXII,</strong></span> <span class='ocrx_word' id='word_1_309' title='bbox 602 2812 666 2855; x_wconf 83' lang='lat'><strong>16.</strong></span> 
     </span>
    </p>
   </div>
   <div class='ocr_carea' id='block_1_6' title="bbox 11 2881 1085 2978">
    <p class='ocr_par' dir='ltr' id='par_1_12' title="bbox 5 2854 1085 2978">
     <span class='ocr_line' id='line_1_38' title="bbox 11 2881 1085 2978; baseline 0.01 -54.939"><span class='ocrx_word' id='word_1_310' title='bbox 11 2881 16 2978; x_wconf 65' lang='lat' dir='ltr'><strong>3f</strong></span> <span class='ocrx_word' id='word_1_311' title='bbox 55 2881 275 2929; x_wconf 73' lang='lat' dir='ltr'><strong>Omonms</strong></span> <span class='ocrx_word' id='word_1_312' title='bbox 308 2885 479 2929; x_wconf 80' lang='lat' dir='ltr'>OPERA.</span> <span class='ocrx_word' id='word_1_313' title='bbox 513 2885 632 2928; x_wconf 80' lang='grc' dir='ltr'><strong>ΤοΜ.</strong></span> <span class='ocrx_word' id='word_1_314' title='bbox 660 2887 774 2931; x_wconf 80' lang='lat' dir='ltr'>VIII.</span> <span class='ocrx_word' id='word_1_315' title='bbox 1032 2891 1085 2934; x_wconf 74' lang='lat'><strong>14</strong></span> 
     </span>
    </p>
   </div>
   <div class='ocr_carea' id='block_1_7' title="bbox 12 3041 19 3096">
    <p class='ocr_par' dir='ltr' id='par_1_13' title="bbox 12 3041 19 3096">
     <span class='ocr_line' id='line_1_39' title="bbox 12 3041 19 3096; baseline 0 -46"><span class='ocrx_word' id='word_1_316' title='bbox 12 3041 19 3096; x_wconf 45' lang='grc' dir='ltr'>ἕ</span> 
     </span>
    </p>
   </div>
  </div>
 </body>
</html>
