1764 3096
301 127 384 171 274
899 124 1121 167 Omcssms

305 240 373 291 „in
397 239 439 295 ')
470 240 602 286 same,
642 249 680 279 et
708 236 796 286 siti,
827 249 864 279 et
895 239 1073 290 frigore,
1104 250 1143 279 ct
1173 239 1403 280 nuditate.“
1462 240 1593 294 Quod
1627 257 1722 293 crgo

305 316 419 374 justis
452 315 691 357 exercitium
725 315 884 357 virtutis
914 328 986 366 est,
1018 315 1276 372 hocinjustis
1300 333 1440 372 poena
1461 319 1624 373 peccati
1657 331 1726 361 cst.

307 394 505 449 Denique
526 394 649 434 etiam
678 393 910 434 Abrahami
934 394 1198 448 temporibus
1217 394 1420 449 scriptum
1446 407 1514 443 est,
1546 396 1662 449 quod
1679 395 1727 448 ²)

305 470 504 526 ‚,sacta³)
536 482 593 511 e'st
621 471 753 510 fames
774 469 960 525 super⁴)
991 483 1156 519 terram,
1188 484 1226 511 et
1258 473 1474 513 descendit
1505 472 1724 513 Abrabam

305 549 348 589 in
381 552 618 604 Aegyptum
649 547 837 587 habitare
868 547 950 596 ibi,
992 550 1194 603 quoniam
1237 549 1470 589 invaluerat
1500 549 1628 590 sames
1658 566 1726 589 su-

305 642 384 679 per
411 631 605 665 terram.“
662 624 715 664 Et
744 623 887 680 utique
917 625 963 674 si,
994 637 1037 665 nt
1071 610 1243 680 qnidam
1274 637 1446 681 putant,
1487 625 1655 666 incaute
1688 636 1727 665 et

306 701 502 758 imperite
545 711 645 741 esset
683 716 823 741 sermo
868 701 1099 757 scripturae
1133 703 1298 743 divinae
1331 702 1613 756 compositus,
1647 718 1727 757 po—

306 791 444 820 tuerat
476 779 629 826 dicere,
660 779 777 833 quod
799 778 841 832 ⁵)
889 781 1103 820 descendit
1143 780 1357 821 Abrabam
1407 779 1449 819 in
1491 782 1726 835 Aegyptum

307 857 498 898 habitare
528 855 610 904 ibi,
659 856 757 910 quia
795 855 1027 897 invaluerat
1057 874 1184 912 super
1215 874 1310 897 eum
1343 859 1484 897 fames.
1546 856 1632 896 Sed
1662 854 1726 895 in—

306 946 447 981 tuere,
484 943 638 987 quanta
678 932 946 973 distinctione
985 945 1126 974 utatur
1154 950 1292 975 sermo
1335 933 1521 981 divinus,
1568 943 1725 987 quanta

309 1011 481 1051 cautela.
543 1006 654 1048 Cum
693 1008 745 1047 de
782 1009 932 1049 sanctis
974 1011 1120 1058 refert,
1168 1012 1323 1051 samem
1366 1009 1465 1051 dicit
1503 1008 1726 1050 invaluisse

307 1103 433 1142 super
462 1097 637 1134 terram;
669 1100 766 1124 cum
799 1084 851 1123 de
882 1083 1064 1141 injusti5‚
1101 1087 1215 1141 ipsos
1247 1089 1357 1127 same
1389 1086 1489 1128 dicit
1520 1087 1728 1127 obtentos.

307 1166 457 1219 Neque
489 1178 587 1214 ergo
621 1161 850 1210 Abraham,
882 1178 1019 1216 neque
1048 1162 1207 1212 Jacob,
1245 1181 1383 1219 neque
1423 1163 1533 1205 filios
1575 1178 1747 1203 eornm*

311 1241 476 1282 obtinet
505 1240 647 1280 fames.
717 1238 802 1279 Sed
835 1250 874 1279 et
901 1237 934 1280 si
966 1238 1200 1288 invalescat,
1229 1256 1358 1295 super
1388 1252 1542 1280 terram
1576 1239 1729 1280 dicitur

306 1319 572 1360 invalescere.
644 1315 698 1357 Et
735 1315 998 1372 temporibus
1041 1316 1156 1357 Isaac
1198 1316 1479 1360 nihilominus
1525 1317 1760 1371 scriptum:

250 1443 253 1445 ,
309 1407 380 1445 est,
411 1395 509 1450 quia
536 1396 671 1442 „facta
689 1393 734 1448 6)
772 1406 832 1435 est
869 1395 999 1434 fames
1040 1410 1167 1449 super
1204 1406 1380 1442 terram,
1412 1405 1583 1448 praeter
1612 1393 1729 1434 illam
1757 1407 1759 1434 1

309 1476 465 1515 famem
506 1472 719 1528 priorem,
778 1487 886 1526 quae
925 1473 1034 1512 facta
1082 1483 1140 1513 est
1178 1471 1443 1527 temporibus
1482 1469 1728 1511 Abrahami.

309 1550 356 1590 ln
386 1561 549 1590 tantum
583 1560 723 1589 autem
754 1565 840 1589 non
871 1560 1010 1604 potest
1042 1548 1236 1589 obtinere
1268 1550 1396 1590 fames
1428 1547 1556 1595 Isaac,
1586 1558 1633 1588 ut
1664 1547 1728 1587 di·
1762 1571 1764 1614 2

309 1638 375 1668 cat
405 1627 457 1666 ad
489 1642 586 1666 eum
613 1626 854 1668 Dominus:
896 1625 1076 1681 „noli⁷)
1114 1626 1369 1666 descendere
1400 1624 1442 1665 in
1474 1626 1728 1682 Aegyptum,
1758 1624 1764 1691 j

306 1706 379 1746 sed
410 1703 551 1743 habita
580 1704 623 1744 in
655 1715 778 1752 terra,
810 1719 1110 1758 quamcunque
1142 1705 1370 1744 ostendero
1401 1703 1499 1750 tibi,
1533 1713 1571 1741 et
1601 1701 1643 1741 in
1678 1718 1726 1741 ea

255 1818 258 1820 ,
309 1782 465 1831 habita,
501 1792 539 1820 et
570 1796 645 1832 ego
679 1796 751 1820 ero
783 1784 962 1819 tecum.“
1021 1780 1270 1820 Secundum
1301 1780 1422 1828 hanc,
1453 1790 1499 1819 ut
1530 1779 1728 1827 arbitror,

309 1856 618 1900 observantiam
648 1856 776 1906 longe
813 1867 908 1911 post
945 1855 1020 1897 ista
1050 1869 1245 1912 tempora
1292 1854 1504 1911 propheta
1539 1855 1728 1895 dicebat:

305 1933 493 1991 „juvenis
509 1934 556 1988 8)
587 1933 671 1981 sui,
710 1932 864 1973 etenim
893 1934 1034 1983 senui,
1077 1944 1115 1974 et
1143 1950 1233 1973 non
1273 1933 1358 1973 vidi
1389 1931 1542 1987 justum
1577 1931 1728 1971 dereli-

307 2024 433 2061 ctum,
462 2027 541 2053 nec
572 2026 713 2051 semen
747 2008 835 2066 ejus
853 2026 1058 2065 quaerens
1079 2013 1275 2066 panem.“
1319 2008 1375 2049 Et
1395 2008 1517 2049 alibi:
1549 2025 1664 2058 „non
1681 2007 1727 2063 ⁹)

308 2091 474 2132 occidet
491 2089 703 2129 Dominus
722 2087 730 2111 ¹
747 2086 791 2143 ο)
816 2089 928 2128 fame
944 2088 1129 2129 animam
1147 2086 1283 2145 justi.“
1326 2087 1388 2128 Ex
1411 2077 1565 2142 q'uibus
1585 2084 1725 2127 omni-
1746 2108 1747 2122 2

426 2268 469 2323 ¹)
500 2267 538 2307 ΙΙ
572 2266 671 2308 Cor.
701 2267 778 2317 XI,
807 2269 874 2310 27.
995 2268 1040 2324 ²)
1070 2269 1181 2311 Edd.
1214 2267 1408 2310 Merlini:
1441 2268 1554 2324 quia.

423 2338 470 2394 3)
505 2337 656 2380 Genes.
688 2338 784 2387 XII,
816 2339 879 2380 10.

422 2408 469 2464 ⁴)
500 2409 609 2450 Edd.
652 2409 841 2450 Merlini:
892 2425 1019 2464 super
1064 2420 1231 2450 terram.
1310 2408 1543 2450 Descendit
1583 2409 1719 2450 Abra-

306 2469 406 2512 ham
439 2477 514 2508 etc.

424 2537 470 2592 5)
498 2536 607 2578 Edd.
638 2536 832 2578 Nlerlini:
866 2535 975 2591 quia.
1091 2536 1137 2591 θ)
1171 2533 1321 2575 Genes.
1352 2533 1513 2585 XXVI,
1544 2534 1581 2576 1.

422 2607 467 2662 ⁷)
500 2605 652 2647 Genes.
680 2607 840 2656 XXVI,
871 2608 908 2648 2.
937 2608 975 2648 3.

419 2677 461 2730 8)
490 2676 643 2718 Psalm.
674 2674 898 2727 XXXVII,
926 2677 993 2719 25.
1025 2674 1274 2730 (XXXVI.)

421 2746 467 2802 ⁹)
495 2746 621 2788 Prov.
649 2746 704 2795 X,
734 2746 773 2788 3.

392 2816 464 2870 ¹⁰)
495 2816 609 2858 Alias
637 2816 697 2872 (v.
730 2833 766 2858 c.
793 2817 837 2859 in
873 2817 966 2859 edd.
995 2815 1102 2872 M.):
1142 2814 1325 2868 „Deus.“
1356 2813 1414 2855 At
1441 2812 1565 2858 Mss.:
1594 2813 1735 2864 „Do-¹

302 2873 478 2916 minus-‘⁸
505 2872 556 2913 R.
