1764 3096
464 150 511 178 m
542 135 742 178 GENESIN
758 132 972 176 >HOM1L1A
994 133 1071 175 XI.
1394 136 1477 180 227

57 264 403 308 unumquemque
434 247 658 304 conjugem
689 247 958 303 sapientiam,
997 245 1102 288 sicut
1143 258 1183 288 et
1209 246 1366 289 Paulus
1396 264 1473 304 per

55 327 329 381 Evangelium
361 324 474 366 filios
503 325 744 376 generabat.
764 323 806 379 ¹)
855 322 1034 380 Accepit
1063 338 1161 376 ergo
1185 339 1309 365 senex
1330 335 1471 365 emor-

53 404 176 460 tui2)
210 403 295 460 jam
345 400 561 457 corporis,
608 401 825 442 Abraham
869 400 1069 442 Ceturam
1116 415 1306 441 uxorem.
1373 399 1467 452 Ego

51 492 157 537 puto
187 480 421 520 secundum
442 480 586 528 thane,
625 494 753 534 quam
791 494 920 533 supra
952 477 1220 532 exposuimus
1250 476 1474 528 rationem,

52 557 169 613 quod
199 555 347 597 melius
376 567 479 597 tunc
510 572 619 596 uxor
649 553 865 611 accipitur,
896 556 1070 610 quando
1100 565 1343 595 emortuum
1374 570 1472 595 cor-

52 650 130 689 pus
161 644 241 683 est,
279 634 452 688 quando
492 630 743 674 mortificata
780 643 878 673 sunt
916 633 1122 673 membra.
1181 629 1328 688 Major
1359 629 1472 671 enim

53 712 106 751 ad
148 709 395 765 sapientiam
447 710 637 751 sensibus
676 710 831 750 nostris
882 708 1086 764 capacitas
1127 707 1254 757 inest,
1298 709 1472 763 quando

51 785 323 829 mortificatio
375 786 532 827 Christi
580 784 935 839 circumfertur3)
989 785 1035 826 in
1092 800 1276 839 corpore
1324 796 1472 826 nostro

50 865 231 907 mortali.
302 864 502 919 Denique
544 862 723 912 Cetura,
770 878 897 918 quam
935 877 1051 902 nunc
1091 877 1216 902 senex
1255 861 1474 903 Abraham

51 941 224 984 sortitur
263 940 307 981 in
348 938 695 989 matrimonium,
734 942 950 995 θυμίαμα
993 937 1316 994 interpretatur,
1357 939 1477 993 quod

52 1032 111 1061 est
138 1020 382 1068 incensum,
423 1018 486 1059 vel
526 1018 667 1058 bonus
710 1017 835 1058 odor.
908 1015 965 1056 Et
1002 1015 1095 1071 ipse
1134 1015 1248 1058 enim
1294 1016 1475 1065 dicebat,

30 1098 156 1139 ·sicut
184 1096 341 1137 Paulus
382 1094 503 1144 dixit,
546 1095 644 1150 quia
675 1091 923 1148 „Christi4)
963 1094 1103 1133 bonus
1138 1093 1251 1133 odor
1291 1097 1477 1135 sumus.“

53 1174 292 1229 Quomodo
326 1184 465 1214 autem
499 1171 589 1227 quis
622 1169 778 1212 Christi
807 1170 946 1211 bonus
978 1170 1091 1210 odor
1111 1169 1304 1220 efficitur,
1335 1171 1478 1211 videa-

49 1269 156 1293 mus.
212 1251 441 1291 Peccatum
471 1265 536 1290 res
570 1260 626 1289 est
658 1247 830 1289 foetida.
877 1245 1079 1302 Denique
1098 1258 1343 1302 peccatores
1372 1264 1477 1302 por-

52 1329 107 1371 cis
139 1338 458 1383 comparantur,
491 1324 563 1380 qui
590 1324 634 1366 in
666 1325 849 1381 peccatis
881 1324 994 1364 velut
1022 1323 1066 1364 in
1096 1335 1280 1365 stercore
1311 1323 1475 1365 foetido

49 1407 307 1446 volutantur.
376 1403 431 1443 Et
465 1402 606 1444 David
650 1419 695 1442 ex
726 1418 912 1457 persona
941 1400 1177 1458 peccatoris
1219 1400 1476 1457 poenitentis

51 1481 171 1524 dicit:
202 1480 644 1537 „computruerunt⁵)
686 1490 724 1520 et
763 1496 906 1520 exesae
949 1490 1046 1520 sunt
1077 1478 1288 1520 cicatrices
1318 1481 1478 1518 meae.“

159 1559 197 1600 2.
229 1558 275 1598 Si
305 1558 397 1612 quis
429 1573 526 1609 ergo
557 1569 739 1597 vestrum
773 1568 843 1606 est,
872 1555 915 1596 in
937 1572 1023 1611 quo
1056 1556 1170 1595 odor
1198 1553 1361 1610 peccati
1390 1555 1477 1611 jam

49 1637 189 1677 nullus
221 1647 291 1685 est,
325 1635 396 1675 sed
448 1635 560 1675 odor
597 1633 801 1689 justitiae,
842 1633 1020 1674 suavitas
1063 1631 1400 1682 misericordiae,
1443 1629 1477 1672 si

0 1700 1 1730 ἶ
51 1712 140 1769 quis
170 1711 260 1754 sine
289 1711 601 1753 intermissione
632 1711 797 1751 orando
833 1711 958 1751 offert
989 1708 1183 1749 Domino
1215 1724 1384 1764 semper
1412 1706 1479 1749 in-

52 1807 236 1840 censum,
270 1800 308 1830 et
339 1788 460 1831 dicit:
493 1788 722 1841 „dirigatur
738 1787 783 1844 6)
829 1786 964 1829 oratio
995 1801 1089 1826 mea
1120 1785 1228 1826 sicut
1256 1784 1478 1826 incensum

50 1867 95 1909 in
125 1879 356 1923 conspectu
386 1879 486 1917 tuo,
537 1866 715 1907 elevatio
759 1881 968 1907 manuum
998 1879 1192 1903 mearum
1221 1860 1477 1903 sacrificium

49 1943 382 1998 vespertinum:“
413 1943 482 1984 hic
515 1943 712 1983 Ceturam
751 1943 867 1984 duxit
910 1957 1099 1982 uxorem.
1168 1937 1238 1979 Sic
1283 1954 1382 1990 ergo
1414 1953 1479 1979 se-

50 2037 154 2061 num
187 2020 355 2075 nuptias
386 2019 654 2074 interpretari
689 2019 851 2070 dignius
890 2029 1019 2072 puto,
1067 2014 1124 2057 sic
1166 2015 1346 2069 pulchre
1373 2014 1477 2056 inita

51 2097 392 2138 Patri-archarum
436 2097 482 2136 in
520 2095 669 2136 ultima
709 2094 793 2151 jam
836 2107 874 2135 et
905 2095 1067 2135 defecta
1102 2103 1234 2134 aetate
1265 2091 1478 2147 conjugia,

52 2173 109 2215 sic
141 2173 392 2215 necessarias
422 2172 612 2213 filiorum
655 2172 972 2228 procreationes
1018 2169 1205 2211 existimo
1245 2184 1476 2209 numeran-

54 2254 137 2293 das.
210 2253 279 2293 Ad
318 2252 420 2291 tales
462 2249 573 2290 enim
617 2250 806 2304 nuptias,
860 2259 898 2289 et
940 2245 1236 2303 hujuscemodi
1266 2247 1478 2296 sobolem,

52 2345 141 2370 non
172 2329 227 2369 ita
258 2327 451 2384 juvenes,
482 2338 527 2367 ut
556 2343 674 2368 senes
713 2326 799 2382 apti
840 2337 946 2366 sunt.
1019 2322 1195 2377 Quanto
1239 2323 1351 2363 enim
1384 2323 1477 2378 quis

51 2391 177 2446 carne
208 2407 300 2461 plus
330 2407 459 2446 sessus
491 2416 573 2454 est,
612 2416 727 2444 tanto
773 2404 850 2445 erit
891 2401 1020 2444 animi
1063 2401 1212 2442 virtute
1242 2399 1474 2450 robustior,

56 2493 93 2526 et
121 2482 349 2538 saplentiae
382 2481 670 2537 complexibus
702 2481 854 2537 aptior.
925 2479 994 2520 Sic
1036 2491 1075 2519 et
1103 2478 1176 2519 ille
1205 2477 1249 2518 in
1282 2476 1473 2533 Scriptu-

172 2668 214 2723 ι)
244 2669 263 2708 Ι
296 2669 395 2710 Cor.
426 2671 499 2720 IV,
529 2672 596 2713 15.
687 2669 760 2725 ,2)
794 2669 901 2710 Edd.
932 2667 1128 2709 Men-lini:
1160 2666 1328 2709 mortui.

170 2737 216 2791 ³)
249 2737 289 2776 II
321 2737 421 2779 Cor.
451 2740 524 2790 IV,
556 2741 621 2782 10.
741 2738 788 2794 4)
821 2739 861 2778 Π
893 2737 992 2777 Cor.
1025 2737 1077 2785 II,
1106 2737 1171 2778 15.

173 2806 216 2861 5)
248 2806 400 2849 Psalm.
430 2808 676 2857 XXXVIII,
712 2809 751 2851 5.

170 2875 217 2930 6>
250 2877 400 2922 Psalm.
436 2876 581 2927 CXLI,
611 2880 650 2921 2.

1050 2953 1141 2994 15*
