1764 3096
508 100 557 129 m
588 85 788 128 GENEsm
817 84 1017 128 HOM1L1A
1037 85 1132 127 XV.
1447 88 1533 132 263

114 215 212 252 tam,
244 217 351 257 quae
382 211 442 241 est
471 199 513 240 in
543 199 728 255 Joseph,
773 197 998 253 spiritualis
1036 197 1113 238 iste
1142 213 1232 237 non
1261 196 1347 254 jam
1376 199 1528 251 Jacob,

113 282 187 321 sed
218 279 343 320 Israel
372 276 591 327 scribitur,
621 288 823 332 tanquam
856 275 928 330 qui
957 285 1098 315 mente
1125 273 1264 315 videat
1293 291 1435 316 veram
1466 277 1525 317 vi-

112 369 211 407 tam,
243 372 351 410 quae
381 365 442 395 est
470 371 590 396 verus
620 354 738 394 Deus
767 352 969 394 Christus.
1014 353 1115 393 Non
1136 352 1278 393 solum
1301 363 1442 393 autem
1474 355 1527 394 de

109 435 191 474 hoc
222 444 363 472 motus
395 444 475 481 est,
518 433 634 487 quod
665 430 844 472 audivit:
884 429 1063 485 „quia¹)
1094 430 1256 485 Joseph
1286 429 1397 470 filius
1427 441 1526 471 tuus

108 510 253 550 vivit:“
282 510 357 550 sed
393 520 433 550 et
464 509 517 550 de
544 509 619 549 illo
650 506 852 557 maxime,
900 508 1017 563 quod
1056 507 1352 548 annuntiatum
1384 518 1443 547 est
1475 506 1525 556 ei,

108 587 206 643 quia
235 587 325 641 ipse
355 586 418 636 sit,
449 586 521 641 qui
550 584 836 641 principatum
866 595 1004 625 teneat
1024 584 1151 625 totius
1176 581 1366 641 Aegypti.
1427 583 1524 624 Hoc

106 665 218 705 enim
250 681 345 705 vere
374 680 574 715 magnum
606 673 666 703 est
696 661 753 711 ei,
794 663 910 717 quod
940 661 985 702 in
1016 661 1221 703 ditionem
1251 677 1370 702 suam
1401 662 1525 701 rede-

105 741 161 793 git
193 744 441 800 Aegyptum.
502 739 676 779 Calcare
706 738 817 779 enim
849 738 1094 787 libidinem,
1124 741 1268 791 fugere
1298 737 1522 788 luxuriam,

104 834 338 872 omnesque
366 817 603 871 voluptates
634 815 825 871 corporis
854 832 1048 871 premere
1072 831 1119 855 ac
1137 817 1318 864 frenare,
1348 817 1431 856 hoc
1462 827 1523 856 est

101 895 385 951 principatum
427 910 570 946 gerere
609 892 737 933 totius
777 892 967 950 Aegypti.
1046 893 1103 934 Et
1142 892 1224 933 hoc
1268 905 1348 942 est,
1401 894 1521 948 quod

102 975 216 1027 apud
248 972 377 1013 Israel
406 987 606 1023 magnum
637 969 828 1018 ducitur,
873 982 912 1010 et
941 970 985 1010 in
1016 969 1296 1011 admiratione
1326 970 1519 1011 habetur.

101 1049 147 1091 Si
180 1048 270 1104 quis
302 1065 400 1090 vero
433 1059 515 1097 est,
547 1047 619 1103 qui
649 1046 789 1102 aliqua
822 1047 993 1102 quidem
1023 1047 1119 1088 vitia
1151 1047 1342 1103 corporis
1371 1045 1520 1103 subju-

99 1138 178 1179 get,
210 1125 298 1166 aliis
329 1143 426 1166 vero
459 1126 581 1166 cedat
609 1138 648 1166 et
677 1122 913 1180 subjaceat,
953 1125 1005 1164 de
1035 1123 1113 1165 isto
1143 1141 1234 1165 non
1263 1123 1423 1176 integre
1454 1123 1518 1165 di-

98 1204 228 1253 citur,
269 1202 367 1258 quia
405 1202 691 1258 principatum
733 1200 815 1252 agit
854 1201 982 1242 totius
1025 1213 1161 1242 terrae
1195 1201 1396 1261 Aegypti,
1429 1203 1517 1251 sed,

97 1280 216 1322 verbi
248 1296 382 1329 causa,
415 1279 539 1320 unius
569 1281 692 1329 forte,
723 1291 794 1319 aut
826 1280 1018 1328 duarum,
1049 1280 1113 1319 vel
1144 1279 1269 1320 trium
1304 1279 1518 1321 civitatum

98 1357 311 1399 videbitur
355 1373 497 1409 gerere
535 1356 834 1412 principatum.
912 1357 1075 1412 Joscph
1123 1373 1245 1406 vero,
1293 1357 1360 1397 cui
1398 1358 1533 1397 nulla*

98 1434 290 1490 corporis
320 1434 455 1475 libido
489 1435 705 1474 dominata
745 1446 826 1483 est,
868 1433 994 1474 totius
1038 1434 1213 1491 Aegypti
1250 1433 1447 1490 princeps
1479 1446 1519 1475 et

98 1512 299 1553 dominus
328 1513 421 1553 fuit.
480 1510 597 1551 Dicit
627 1527 724 1563 ergo
755 1527 845 1552 non
875 1509 960 1567 jam
994 1513 1155 1561 Jacob,
1187 1513 1262 1552 sed
1292 1512 1418 1553 Israel
1450 1528 1517 1552 re-

96 1607 273 1631 accenso
305 1588 475 1644 spiritu:
515 1605 741 1640 „magnum
757 1590 800 1642 2)
841 1588 946 1629 mihi
978 1601 1058 1638 est,
1103 1589 1136 1629 si
1175 1589 1314 1629 adhuc
1352 1589 1517 1644 Joseph

94 1667 206 1708 filius
237 1683 355 1707 meus
386 1664 495 1706 vivit.
547 1666 626 1706 Ibo
660 1679 700 1706 et
729 1667 884 1707 videbo
917 1684 1027 1715 eum,
1059 1678 1287 1722 antequam
1317 1665 1515 1706 moriar.“

95 1745 181 1785 Sed
214 1759 268 1783 ne
299 1744 380 1783 hoc
412 1743 585 1798 quidem
616 1744 751 1785 otiose
782 1743 1111 1799 relinquendum
1146 1755 1227 1793 est,
1267 1745 1387 1799 quod
1425 1761 1515 1784 non

95 1821 292 1870 animam,
323 1821 397 1861 sed
427 1819 633 1875 spiritum,
665 1832 866 1877 tanquam
892 1821 1115 1862 meliorem
1145 1821 1209 1862 sui
1239 1833 1416 1877 partem,
1447 1838 1515 1863 re-

93 1897 349 1948 suscitatum,
378 1898 443 1940 vel
478 1914 747 1939 reaccensum
776 1898 889 1940 dicit.
960 1900 1178 1954 Splendor
1213 1898 1367 1939 etenim
1398 1898 1515 1948 lucis,

96 1973 168 2029 qui
200 1985 287 2013 erat
316 1973 358 2014 in
392 1992 456 2022 eo,
489 1974 612 2014 eliam
644 1974 677 2014 si
708 1975 931 2016 exstinctus
965 1976 1006 2015 in
1041 1993 1090 2016 eo
1121 1975 1288 2030 penitus
1318 1992 1406 2016 non
1440 1987 1513 2025 est,

94 2062 207 2098 tunc,
240 2066 336 2089 cum
358 2051 605 2092 obtulerunt
636 2051 711 2091 filii
734 2050 821 2108 ejus
847 2053 1033 2093 tunicam
1052 2053 1227 2107 Joseph,
1260 2053 1388 2093 hoedi
1417 2070 1512 2094 san-

93 2127 216 2180 guine
249 2129 515 2177 maculatam,
543 2131 616 2170 scd
647 2129 870 2170 mendacio
904 2147 1052 2171 eorum
1084 2129 1220 2185 decipi
1250 2129 1410 2185 potuit,
1453 2129 1513 2171 ita

92 2217 139 2245 ut
166 2205 377 2245 scinderet
406 2204 649 2246 vestimenta
680 2223 769 2255 sua,
800 2218 840 2247 et
862 2219 1042 2262 poneret
1067 2223 1234 2247 saccum
1255 2223 1383 2262 super
1401 2208 1513 2249 lum-

30 2314 35 2316 -
93 2283 197 2322 bum
228 2299 373 2332 suum,
416 2294 455 2323 et
494 2283 656 2334 lugeret
695 2284 832 2324 filium
871 2301 1017 2333 suum,
1046 2301 1135 2325 ¹nec
1179 2285 1302 2325 vellet
1333 2284 1511 2326 omnino

93 2359 320 2408 consolari,
349 2359 423 2400 sed
455 2358 634 2399 diceret:
665 2360 851 2415 ‚,quia³)
875 2363 1088 2403 descendo
1120 2364 1174 2404 ad
1202 2361 1338 2402 fitium
1369 2379 1511 2404 meum

92 2438 239 2489 lugens
269 2436 313 2476 in
348 2436 612 2477 infernum:“
653 2448 756 2478 tunc
799 2438 923 2479 etiam
942 2439 987 2493 ⁴)
1028 2439 1081 2489 si,
1112 2451 1159 2479 ut
1190 2438 1390 2488 diximus,
1420 2457 1512 2482 non

93 2525 182 2554 erat
210 2512 376 2569 penitus
415 2513 662 2554 exstinctum
703 2515 745 2555 in
791 2531 841 2555 eo
874 2517 1040 2565 lumen,
1081 2515 1262 2557 maxima
1292 2529 1434 2559 tamen
1465 2534 1514 2558 ex

213 2695 256 2749 Ι)
289 2695 444 2739 Genes.
479 2696 607 2745 XLV,
637 2698 703 2740 26.
826 2697 871 2752 ²)
905 2697 1061 2738 Genes.
1091 2697 1220 2748 XLV,
1249 2699 1317 2742 28.

213 2765 258 2818 3)
292 2764 443 2806 Genes.
476 2765 699 2815 XXXVII,
727 2767 797 2809 35.

211 2833 256 2889 4)
287 2834 398 2877 Edd.
428 2834 624 2878 Merlini:
656 2835 781 2878 etiam
811 2836 941 2892 (sicut
971 2838 1174 2894 diximus)
1203 2855 1292 2880 non
1325 2850 1398 2881 etc.
