1764 3096
457 78 503 108 m
532 67 731 109 GENEsm
759 64 959 108 HommA
985 67 1058 110 IX.
1389 73 1469 118 211

67 181 163 219 est.“
209 176 258 218 Id
275 176 412 232 ipsum
429 186 469 216 et
483 175 566 216 alio
596 176 696 217 loco
725 175 891 218 scribit:
919 178 1113 233 „ecce,¹)
1144 190 1280 222 vetera
1297 184 1470 225 transie-

64 265 175 303 runt,
186 255 293 295 facta
310 263 407 294 sunt
427 251 568 293 omnia
584 257 734 293 nova.“
763 252 930 295 Idcirco
945 241 1041 307 ergo
1059 255 1359 308 promissiones
1378 276 1471 302 suas

62 339 235 370 renovat
262 327 394 377 Deus,
421 339 467 369 ut
497 329 692 370 ostendat
718 328 808 379 tibi,
840 331 936 386 quia
966 331 1092 374 debes
1124 344 1164 373 et
1189 343 1234 374 tu
1264 338 1471 378 renovari.

62 404 161 445 Non
190 415 411 458 permanet
438 404 510 446 ille
538 404 584 446 in
613 404 835 455 veteribus,
863 424 918 448 ne
948 419 988 449 et
1010 420 1055 449 tu
1076 421 1188 450 vetus
1209 409 1341 451 homo
1372 427 1471 466 per-

59 495 241 520 maneas.
281 479 351 520 De
381 482 501 522 coelo
534 481 639 523 haec
669 483 870 538 loquitur,
900 495 949 524 ut
978 497 1019 526 et
1047 497 1091 526 tu
1113 485 1338 536 imaginem
1370 503 1470 528 coe-

58 554 167 597 lestis
197 554 390 611 accipias.
447 558 554 599 Nam
573 558 619 613 ²)
651 559 753 614 quid
780 557 857 600 tibi
887 562 1083 614 prodest,
1127 562 1160 603 si
1190 562 1308 603 Deus
1344 562 1472 606 inno-

59 643 125 672 vet
152 631 475 687 promissiones,
512 646 552 675 et
592 646 638 675 tu
668 653 759 677 non
788 634 1033 679 innoveris?
1089 638 1133 680 Si
1162 637 1233 679 ille
1264 640 1317 679 de
1346 642 1470 682 coelo

58 710 271 764 loquatur,
320 722 360 752 et
398 723 444 752 tu
473 713 526 753 de
554 724 665 754 terra
709 711 885 754 audias?
946 713 1066 768 Quid
1103 714 1179 756 tibi
1208 718 1402 770 prodest,
1439 717 1474 759 si

59 786 174 828 Deus
204 803 247 828 se
277 784 517 843 juramento
551 788 819 841 constringit,
852 800 891 829 et
919 801 964 831 tu
995 790 1099 832 haec
1130 791 1247 846 quasi
1277 809 1474 836 commu-

58 879 155 904 nem
187 863 360 907 audiens
398 866 588 908 fabulam
634 865 848 907 transeas?
905 866 1052 921 Quare
1089 884 1180 909 non
1220 868 1473 919 consideras,

59 941 176 996 quod
206 952 384 997 propter
410 953 451 984 te
480 942 598 985 Deus
629 943 755 984 etiam
789 960 859 994 ea,
902 960 1011 1000 quae
1038 955 1215 986 naturae
1244 963 1344 988 suae
1374 959 1473 1004 apta

57 1017 230 1059 minime
268 1019 482 1069 videntur,
519 1019 818 1076 amplectitur?
875 1022 1030 1062 Jurare
1068 1019 1222 1062 dicitur
1251 1022 1380 1073 Deus,
1425 1036 1472 1066 ut

57 1107 102 1136 tu
145 1095 321 1138 audiens
357 1112 508 1152 paveas
546 1108 585 1138 et
617 1096 902 1152 intremiscas‚
946 1109 985 1138 et
1024 1109 1141 1138 metu
1181 1110 1473 1142 consternatus

56 1171 257 1227 inquiras,
285 1173 389 1228 quid
417 1173 525 1215 illud
556 1185 720 1215 tantum
752 1186 831 1226 est,
859 1191 940 1230 pro
973 1190 1059 1230 quo
1092 1173 1209 1215 Deus
1238 1173 1380 1231 jurare
1407 1177 1473 1218 di-

59 1248 238 1304 citur.³)
295 1248 427 1290 Fiunt
457 1265 554 1301 ergo
587 1250 704 1301 haec,
734 1262 779 1292 ut
804 1263 855 1292 tu
885 1262 1064 1293 attentus
1095 1261 1135 1291 et
1154 1250 1355 1293 sollicitus
1384 1251 1474 1303 fias,

59 1335 98 1365 et
127 1325 302 1367 audiens
329 1326 408 1367 tibi
437 1327 809 1382 repromissionem
841 1327 984 1384 parari
1012 1328 1056 1370 in
1088 1327 1238 1378 coelis,
1266 1327 1404 1380 vigiles
1435 1342 1474 1372 et

57 1401 272 1457 requiras,
308 1415 513 1459 quatenus
544 1403 694 1446 divinis
725 1403 1079 1460 promissionibus
1131 1404 1278 1456 dignus
1319 1404 1474 1448 existas.

56 1477 361 1520 Verumtamen
399 1481 513 1522 hunc
543 1482 688 1522 locum
719 1492 759 1521 et
789 1481 1020 1536 Apostolus
1057 1481 1378 1534 interpretatur,
1409 1482 1473 1523 di-

57 1571 174 1605 cens,
206 1557 304 1611 quia
332 1557 607 1607 „Abrahamo
654 1556 848 1613 promisit
862 1557 908 1611 4)
947 1557 1087 1606 Deus,
1125 1567 1164 1596 et
1191 1556 1340 1599 semini
1372 1557 1472 1615 ejus.

55 1633 155 1674 Non
189 1631 313 1674 dixit:
344 1645 383 1674 et
413 1633 663 1676 seminibus:
693 1633 811 1689 quasi
840 1633 883 1674 in
913 1633 1069 1682 multis,
1098 1634 1171 1673 sed
1200 1644 1402 1688 tanquam
1431 1635 1476 1676 in

57 1727 167 1751 uno:
198 1722 238 1751 et
264 1710 416 1752 semini
445 1721 540 1751 tuo:
572 1710 644 1766 qui
676 1721 735 1751 est
767 1708 996 1756 Christus,“
1063 1709 1132 1750 De
1174 1708 1342 1752 Christo
1375 1727 1474 1764 ergo

57 1787 231 1829 dicitur:
259 1786 634 1842 „multiplicans⁵)
674 1786 972 1843 multiplicabo
1014 1803 1157 1829 semen
1187 1798 1332 1837 tuum,
1372 1788 1473 1844 αὖ)

57 1864 133 1905 erit
160 1864 266 1906 sicut
293 1864 435 1905 stellae
466 1865 574 1906 coeli
602 1864 646 1905 in
676 1864 960 1914 multitudine,
993 1876 1030 1905 et
1059 1865 1167 1906 sicut
1197 1881 1336 1914 arena,
1369 1881 1477 1920 quae

58 1952 117 1982 est
157 1942 211 1982 ad
250 1957 371 1981 oram
407 1941 572 1982 maris.“
640 1941 746 1994 Quis
787 1939 874 1997 jam
913 1941 1174 1996 expositione
1216 1940 1396 1993 indiget,
1430 1953 1478 1983 ut

0 2047 1 2051 ,
56 2015 159 2057 sciat
185 2031 330 2057 semen
363 2015 520 2057 Christi
562 2018 784 2071 quomodo
825 2017 1154 2072 multiplicetur,
1195 2017 1266 2073 qui
1305 2017 1417 2059 videt
1453 2036 1478 2060 a

56 2093 213 2134 finibus
243 2103 378 2133 terrae
401 2109 534 2148 usque
565 2095 617 2134 ad
648 2093 752 2134 fines
781 2105 917 2134 terrae
946 2105 1224 2149 propagatam
1255 2095 1477 2149 praedica-

0 2169 3 2186 *
57 2169 216 2210 tionem
252 2168 481 2221 Evangelii,
513 2181 551 2209 ct
581 2168 748 2210 nullum
789 2185 900 2224 pene
941 2185 1026 2211 esse
1063 2168 1148 2225 jam
1187 2171 1357 2221 locum,
1402 2171 1475 2227 qui

58 2262 146 2286 non
174 2261 318 2287 semen
348 2245 465 2287 verbi
503 2245 760 2300 susceperit?
822 2246 918 2286 Hoc
958 2262 1144 2301 namque
1180 2258 1221 2287 et
1258 2248 1303 2289 in
1350 2247 1478 2289 initiis

175 2404 217 2459 ι)
247 2404 286 2444 II
318 2404 420 2446 Cor.
451 2405 500 2455 V,
531 2407 595 2447 17.

63 2474 364 2573 deSt“²{t?lifis
402 2474 463 2530 (e.
496 2492 530 2517 c.
568 2476 614 2516 in
658 2477 754 2516 edd.
795 2476 904 2531 Μ.);
946 2477 1086 2526 „Num
1125 2476 1229 2532 quid
1266 2475 1342 2517 tibi
1378 2492 1481 2530 pro-

174 2600 221 2655 ³)
255 2601 366 2643 Alias
395 2600 456 2656 (v,
488 2618 521 2642 c.
552 2602 595 2643 in
629 2603 723 2644 edd.
754 2602 860 2659 ΜΗ)
891 2602 1122 2652 „dicatur.“
1154 2601 1202 2641 R.

180 2669 225 2723 ⁴)
257 2669 393 2712 Galat.
423 2671 501 2722 III,
530 2673 596 2715 16.
715 2673 762 2728 ⁵)
795 2672 946 2714 Genes.
977 2671 1121 2721 XXII,
1153 2671 1219 2713 17.

113 2794 123 2803 ⁰
171 2738 369 2836 ‘⁶)REditi
415 2740 474 2794 (v.
522 2758 555 2781 c.
599 2743 694 2783 edd.
739 2742 845 2796 Μ.);
900 2753 976 2791 „et
1016 2745 1185 2782 erunt.“
1244 2739 1370 2782 Mss.:
1408 2751 1482 2790 „et

67 2800 166 2836 erit}
260 2826 267 2834 .

1060 2874 1157 2913 14*
