1764 3096
415 155 461 184 m
494 142 693 184 GENEsm
722 141 921 184 HomuA
939 142 1053 185 xvi.
1360 148 1444 190 275

25 258 103 298 bus
149 254 388 298 declaratur
435 265 590 296 terram
633 252 804 309 quidem
850 269 973 310 posse
1028 254 1116 310 pati
1166 256 1346 306 famem,
1402 271 1439 300 et

25 350 109 382 eos,
142 331 212 388 qui
241 343 405 372 terrena
435 331 615 387 sapiunt.
661 330 861 385 Quorum
887 343 1027 374 autem
1054 333 1129 373 iste
1159 332 1275 375 cibus
1307 346 1378 384 est,
1398 335 1439 389 ι)

24 420 72 449 ut
102 409 258 449 faciant
287 408 547 449 voluntatem
575 407 716 463 patri3‚
749 407 821 462 qui
850 407 892 448 in
924 408 1050 450 coelis
1083 421 1152 458 est,
1185 421 1224 450 et
1255 427 1440 465 quorum

26 484 211 525 animam
240 482 360 539 panis
389 483 462 525 ille
495 483 578 530 alit,
608 482 680 538 qui
711 484 763 523 de
796 485 916 525 coelo
949 486 1188 536 descendit,
1217 503 1439 543 nunquam

26 572 204 617 possunt
233 560 353 601 famis
384 561 524 601 inedia
553 560 761 602 laborare.
829 560 994 601 Idcirco
1037 579 1134 615 ergo
1168 565 1441 606 observanter

26 638 232 692 scriptura
265 636 404 678 divina
435 654 523 678 non
558 637 656 677 dicit
688 653 758 678 eos
789 637 899 676 fame
933 637 1137 689 obtineri,
1178 642 1330 695 quibus
1359 658 1442 682 no—

26 715 83 755 vit
114 731 199 755 esse
228 714 442 755 scientiam
475 713 571 762 Dei,
603 725 640 755 et
673 714 814 754 cibum
847 713 1035 755 coelestis
1064 716 1259 770 praeberi
1275 718 1441 773 sapien-

26 792 121 832 tiae.
182 792 266 832 Sed
308 802 346 831 et
374 789 419 831 in
458 790 580 831 tertio
612 790 857 843 Regnorum
900 790 1011 831 libro
1044 790 1224 833 similem
1255 795 1308 834 de
1339 796 1445 836 rela-

28 869 144 909 tione
174 868 294 909 samis
325 867 508 908 invenies
540 867 725 908 habitam
758 883 842 908 esse
874 868 1104 918 cautelam,
1132 869 1221 920 ubi,
1255 887 1351 910 cum
1381 873 1445 912 fa—

30 962 118 986 mes
148 944 388 985 invaluisset
426 961 553 1000 super
590 956 766 993 terram,
808 945 1018 987 dicentem
1063 945 1181 987 audis
1219 946 1357 987 Eliam
1389 948 1442 987 ad

30 1023 199 1064 Achab:
232 1021 354 1072 „vivit
375 1021 421 1072 2)
451 1021 665 1062 Dominus
697 1021 814 1062 Deus
843 1021 1057 1070 virtutum,
1080 1022 1200 1063 Deus
1229 1022 1370 1075 Israel,
1399 1025 1444 1065 in

31 1097 147 1156 cujus
180 1109 410 1154 conspectu
442 1110 530 1149 st0,
566 1099 599 1141 si
636 1099 681 1140 in
713 1096 775 1138 his
807 1098 924 1138 annis
956 1113 1026 1138 ros
1057 1098 1122 1139 vel
1148 1098 1289 1153 pluvia
1322 1101 1446 1142 fuerit

29 1191 156 1231 super
194 1186 376 1224 terram,
423 1175 503 1216 nisi
552 1192 629 1230 per
666 1191 905 1216 sermonem
949 1175 1032 1216 oris
1070 1174 1194 1216 mei.“
1261 1175 1315 1217 Et
1351 1189 1449 1232 post

32 1254 134 1293 haec
165 1253 392 1292 mandatur
423 1267 444 1291 a
478 1251 668 1292 Domino
703 1251 854 1312 corvis,
903 1263 948 1292 ut
977 1263 1151 1307 pascant
1178 1254 1449 1309 prophetam,

32 1341 71 1369 ct
101 1340 147 1370 ut
177 1345 327 1384 aquam
362 1328 478 1368 bibat
513 1328 566 1368 de
594 1339 780 1369 torrente
814 1326 1073 1384 Corrath.³)
1130 1328 1185 1369 Et
1221 1329 1374 1371 iterum
1404 1330 1450 1372 in

32 1407 210 1461 Sarepta
243 1404 445 1446 Sidoniae
474 1407 702 1446 mandatur
730 1405 900 1447 mulieri
930 1406 1103 1456 viduae,
1144 1422 1316 1461 pascere
1345 1424 1449 1462 pro-

30 1484 218 1539 phetam,
248 1495 318 1531 ut,
348 1481 416 1522 cui
446 1498 536 1522 non
567 1482 746 1536 amplius
778 1498 905 1537 quam
948 1481 1072 1524 unius
1112 1483 1196 1524 diei
1236 1496 1453 1539 supererat

31 1561 174 1609 victus,
205 1559 423 1611 largiendo
440 1558 484 1613 4)
515 1558 761 1600 indeficiens
788 1559 918 1608 fieret,
950 1570 989 1600 et
1008 1559 1297 1616 multipliciter
1314 1562 1452 1602 abun-

33 1639 151 1678 daret
182 1635 418 1678 exhaustus.
490 1635 650 1693 Hydria
683 1635 791 1675 enim
826 1634 1010 1685 farinae,
1051 1648 1089 1677 et
1132 1653 1324 1692 capsaces
1356 1637 1451 1686 olei,

33 1714 267 1755 secundum
307 1714 482 1753 verbum
514 1712 696 1753 Domini
725 1729 814 1752 non
848 1713 1000 1753 defecit
1020 1712 1065 1767 5)
1095 1714 1310 1768 pascendo
1351 1730 1453 1769 pro-

33 1793 220 1848 phetam.
290 1789 454 1830 Similia
495 1806 668 1845 quoque
706 1787 892 1830 invenies
935 1790 1056 1830 etiam
1105 1791 1150 1830 in
1189 1791 1454 1846 temporibus

34 1868 200 1918 Elisaei‚
232 1885 327 1908 cum
358 1866 526 1921 filiusfi)
558 1867 686 1914 Ader,
717 1882 785 1906 rex
812 1865 970 1923 Syriae,
995 1867 1212 1908 adscendit
1233 1869 1454 1908 adversum

38 1946 285 1993 Samariam,
317 1956 355 1984 et
386 1942 552 1984 obsedit
581 1959 695 1982 eam:
726 1955 793 1990 „et
810 1944 852 1997 7)
883 1943 992 1983 sacta
1026 1954 1102 1992 est,
1134 1943 1295 1998 inquit,
1324 1944 1456 1984 fames

38 2039 190 2075 magna
218 2021 262 2061 in
295 2019 499 2069 Samaria,
530 2035 750 2074 usquequo
784 2020 1021 2060 efficeretur
1052 2035 1181 2075 caput
1208 2019 1312 2061 asini
1335 2019 1457 2075 quin-

160 2181 203 2237 1)
234 2179 514 2220 Desideratur
544 2183 656 2227 ,‚cst“
687 2177 737 2218 in‘
764 2179 858 2219 edd.
890 2178 951 2219 M.

158 2252 204 2305 2)
235 2250 252 2290 Ι
284 2250 410 2302 Regg.
442 2246 580 2296 XVII,
611 2249 646 2289 1.
679 2247 759 2302 (ΙΙΙ
792 2248 942 2303 Regg.)

160 2321 207 2375 3)
241 2320 361 2360 Mssa
394 2317 645 2369 „Corrath.“
704 2317 838 2359 Editi:
879 2316 1146 2374 „C0rraph.“
1177 2317 1228 2359 R.
1258 2341 1314 2350 —
1351 2317 1460 2360 Edd.

21 2351 26 2354 ·
44 2377 239 2419 Merlini:
278 2375 520 2431 ‚,Corapl1.“

158 2433 203 2487 4)
233 2432 354 2473 “Mssa
393 2432 646 2483 „largiendo
686 2430 932 2472 indeficiens
971 2432 1129 2472 fieret.“
1170 2430 1286 2471 Alias
1327 2431 1386 2486 (v.
1427 2447 1461 2472 c.

44 2489 88 2531 in
128 2491 223 2531 edd.
266 2488 373 2542 Μ.);
416 2487 658 2541 „largiendo
701 2503 746 2528 ea
790 2487 1036 2529 indeficIens
1073 2489 1232 2528 fieret.“
1275 2486 1322 2528 R.

160 2559 206 2613 ⁵)
236 2557 346 2598 Edd.
377 2556 571 2596 Merlini:
604 2555 756 2597 deficit.

165 2628 210 2681 6)
240 2628 301 2668 Ita
330 2627 442 2675 Mss.,
473 2642 656 2680 quorum
685 2626 884 2667 nonnulli
922 2626 1099 2668 habent:
1130 2625 1266 2676 „filius
1295 2626 1464 2667 Jader.“

48 2686 227 2738 Vulgata
257 2684 406 2725 latina:
450 2681 720 2734 „Benadad.“
777 2683 896 2723 Libri
937 2680 1039 2724 e'diti
1077 2686 1136 2737 (V.
1181 2699 1214 2723 c.
1253 2683 1348 2723 edd.
1378 2681 1466 2734 M.)

53 2739 267 2793 origenis:
307 2740 443 2788 „filius
484 2740 744 2780 Adadezer.“
775 2738 826 2779 R.
858 2763 910 2771 —
943 2738 1028 2781 Cfr.
1058 2738 1100 2779 II
1128 2739 1254 2792 Regg.
1288 2738 1368 2788 Vl,
1399 2739 1464 2780 24.

49 2797 127 2852 (IV
159 2795 311 2850 Regg.)

166 2864 208 2918 7)
241 2865 277 2905 11
311 2864 432 2917 Regg.
464 2863 537 2913 vl,
569 2864 634 2905 25.
669 2863 751 2918 (IV
782 2862 935 2918 Regg.)

1009 2938 1113 2982 18*
