1764 3096
255 84 340 130 176
860 82 1083 128 Oxum-:ms

255 197 389 240 furari
420 196 697 239 concubitum
728 195 872 252 patris,
903 196 1069 249 gravior
1098 196 1146 239 iis
1176 207 1319 237 tamen
1349 194 1571 239 videbatur
1598 199 1677 244 im-

254 276 400 332 pietas,
430 276 463 316 si
495 276 727 325 humanae,
758 286 806 315 ut
835 276 1063 331 putabant,
1089 272 1344 329 posteritatis
1374 290 1493 329 spem
1523 264 1679 320 servata

255 353 441 395 castitate
486 353 689 394 delerent.
767 352 953 408 Propter
1003 352 1086 392 hoc
1126 367 1224 404 ergo
1272 350 1496 394 consilium
1534 352 1683 395 ineunt

253 432 434 481 minore,
465 442 513 471 ut
542 446 618 483 ego
652 429 850 480 arbitror,
883 429 1023 486 culpa,
1056 445 1129 484 spe
1161 439 1304 469 tamen
1342 441 1682 486 argumentoque

251 508 440 567 majore:
470 508 600 564 patris
630 506 906 557 moestitiam,
936 507 1000 547 vel
1032 505 1237 559 rigorem,
1279 504 1378 545 vino
1409 506 1612 548 molliant
1644 519 1685 548 et

252 586 540 640 resolvunt.¹)
602 584 787 638 Singulis
816 584 1023 637 ingressae
1053 584 1265 632 noctibus,
1298 583 1548 640 singulae2)
1579 601 1683 625 con-

254 664 417 720 cipiunt
459 664 512 704 ab
551 661 785 716 ignorante.
855 661 1144 703 Concubitum
1186 661 1299 702 ultra
1339 677 1429 701 non
1471 673 1682 717 repetunt,

251 758 342 782 non
373 740 609 797 requirunt.
675 739 764 781 Ubi
811 738 877 780 hic
919 739 1107 780 libidinis
1140 738 1264 794 culpa
1283 770 1294 789 ,
1319 738 1394 778 ubi
1424 738 1570 780 incesti
1601 738 1682 780 cri·

253 835 354 860 men
384 816 604 872 arguitur?
665 817 904 872 Quomodo
937 817 1108 859 dabitur
1138 816 1252 865 vitio,
1285 817 1404 872 quod
1434 832 1524 857 non
1555 816 1681 857 itera-

253 909 324 938 tur
353 897 398 938 in
429 895 572 938 sacto?
631 895 795 936 Vereor
823 895 1048 950 proloqui,
1082 894 1200 950 quod
1230 892 1392 943 sentio,
1420 909 1584 943 vereor,
1614 893 1679 934 iu·-

257 990 398 1031 quam,
428 990 484 1014 ne
514 971 669 1014 castior
698 971 884 1028 suerit³)
915 973 1066 1012 harum
1096 971 1290 1020 incestus,
1321 986 1449 1026 quam
1479 970 1683 1026 pudicitia
1716 971 1718 974 ’
1751 976 1755 989 '

254 1052 500 1092 multarum.
561 1049 803 1090 Discutiant
834 1065 889 1100 se,
921 1061 962 1091 et
990 1048 1209 1105 requirant
1238 1048 1422 1089 semin-'ie
1453 1047 1498 1089 in
1530 1046 1683 1105 conju-

255 1128 328 1182 giis
358 1127 534 1184 positae,
564 1125 598 1166 si
639 1111 810 1166 ob'hoc
841 1126 982 1167 solum
1013 1126 1167 1167 adeant
1195 1126 1329 1175 viros,
1368 1136 1415 1164 ut
1453 1124 1684 1181 suscipiant

251 1206 427 1255 liberos,
467 1203 501 1245 si
534 1214 631 1259 post
671 1214 927 1259 conceptum
973 1203 1189 1244 desistunt.
1257 1203 1366 1242 Istae
1397 1202 1533 1252 enim,
1575 1219 1684 1258 quae

256 1283 373 1337 argui
405 1281 602 1331 videntur
630 1279 802 1329 incesti,
844 1291 893 1320 ut
923 1280 1101 1334 adeptae
1131 1289 1229 1320 sunt
1255 1290 1535 1334 conceptum,
1573 1280 1685 1321 ultra

254 1373 348 1402 non
378 1360 587 1400 accedunt
617 1358 671 1398 ad
703 1357 981 1399 concubitum
1012 1355 1102 1397 viri.
1172 1355 1421 1397 Nonnullae
1448 1371 1547 1397 vero
1585 1373 1682 1397 mu-

252 1439 399 1489 lieres,
439 1452 580 1493 neque
621 1434 735 1477 enim
776 1434 990 1476 universas
1029 1433 1188 1490 pariter
1217 1444 1437 1483 notamus,
1481 1434 1556 1475 sed
1586 1447 1685 1476 sunt

257 1518 487 1574 quaedam,
524 1530 632 1570 quae
660 1513 768 1554 sicut
798 1512 996 1554 animalia
1026 1513 1186 1568 absque
1215 1512 1301 1552 ulla
1335 1510 1589 1553 discretione
1618 1510 1684 1552 in·

257 1593 500 1635 desinenter
527 1589 697 1632 libidini
726 1590 923 1640 serviunt,
957 1606 1058 1647 quas
1091 1606 1167 1643 ego
1198 1605 1277 1631 nec
1305 1587 1431 1629 mutis
1456 1588 1683 1645 pecoribus

256 1667 607 1726 comparaverim.
674 1667 839 1709 Pecora
880 1665 992 1709 enim
1026 1679 1066 1708 et
1092 1666 1182 1722 ipsa
1212 1666 1370 1716 sciunt,
1401 1683 1498 1706 cum
1529 1682 1685 1706 conce-

254 1747 419 1805 perint,
459 1738 570 1787 ultra
599 1761 691 1786 non
720 1744 942 1797 indulgere
981 1744 1170 1785 maribus
1210 1743 1379 1799 copiam
1408 1742 1486 1784 sui.
1552 1743 1684 1783 Notat

254 1826 358 1880 tales
389 1836 430 1866 et
459 1823 667 1878 scriptura
699 1821 862 1872 divina,
893 1839 991 1863 cum
1023 1822 1144 1863 dicit:
1189 1821 1351 1872 „nolite
1367 1821 1426 1877 4).
1456 1819 1549 1861 fieri
1578 1819 1685 1860 sieut

258 1919 391 1959 equus
421 1913 459 1942 et
487 1901 641 1949 mulus,
675 1899 828 1955 quibus
859 1916 948 1940 non
982 1911 1042 1941 est
1074 1898 1352 1939 intellectus.“
1417 1898 1474 1938 Et
1504 1897 1682 1938 iterum:

256 1979 382 2037 „equi
401 1978 445 2034 5)
476 1976 712 2019 admissarii
740 1975 840 2016 facti
871 1982 1009 2017 sunt.“
1068 1976 1155 2017 Sed
1186 1991 1281 2024 vos,
1312 1991 1337 2016 ο
1368 1975 1555 2030 populus
1586 1973 1685 2024 Dei,

259 2058 331 2114 qui
362 2056 576 2098 Christum
609 2054 754 2095 amatis
771 2053 815 2110 ὃ)
845 2053 890 2095 in
921 2052 1270 2107 incorruptione,
1313 2051 1533 2105 intelligite
1564 2053 1685 2107 Apo-
1739 2095 1752 2101 ὀ

256 2134 355 2176 stoli
384 2150 640 2182 sermonem,
674 2149 760 2188 quo
794 2131 869 2175 ait:
901 2128 1076 2185 ‚,sive⁷)
1106 2129 1383 2180 manducatis,
1414 2128 1497 2171 sive
1527 2128 1685 2182 bibitis,

377 2316 420 2372 ¹)
447 2317 572 2358 'Mssa
613 2315 912 2365 „resolvunt.“
971 2310 1088 2352 Libri
1121 2310 1220 2353 editi
1259 2312 1318 2367 (v.
1365 2329 1398 2353 c.
1440 2312 1533 2352 edd.
1574 2310 1684 2366 M.):

256 2375 496 2426 ‚,solvunt.“
525 2374 575 2413 R.

373 2445 419 2499 ²)
449 2442 566 2484 Libri
598 2440 698 2483 editi
734 2444 792 2495 (v,
834 2456 869 2479 e.
912 2439 1007 2479 edd.
1049 2437 1157 2493 EID:
1199 2438 1411 2492 „singulae
1451 2437 1684 2494 suscipiunt

258 2503 311 2542 ab
344 2501 563 2553 ignorante
595 2508 862 2552 conceptum.
920 2494 1046 2536 Ultra
1087 2511 1177 2535 non
1209 2501 1456 2552 repetunt‚“
1491 2507 1568 2537 etc.
1627 2497 1684 2535 At

215 2556 218 2558 ’
257 2559 358 2602 ΪΜεε.
387 2570 436 2599 ut
464 2558 509 2598 in
539 2567 686 2597 nostro
717 2565 844 2594 textu.
874 2552 926 2593 R.

374 2619 560 2684 3)>Etld.
592 2616 789 2668 blerlini:
823 2621 914 2663 suit.
1035 2621 1081 2676 ⁴)
1114 2621 1267 2664 Psalm.
1298 2622 1463 2673 XXXI,
1493 2622 1531 2664 9.

376 2700 422 2754 ⁵)
453 2700 608 2740 Jerem.
641 2697 691 2746 V,
728 2696 766 2738 8.

376 2769 422 2824 6)
453 2770 564 2810 Edd.
595 2766 790 2809 Merlini:
825 2764 969 2806 amatis
998 2763 1044 2804 in
1075 2763 1352 2820 corruptione
1384 2774 1460 2804 etc.
1491 2752 1493 2754 i

377 2840 422 2895 τ)
453 2840 481 2879 Ι7
505 2839 604 2879 cor.
635 2837 691 2887 X,
725 2837 803 2879 3t.‘
